@misc{IAEA,
      author       ={ {The International Atomic Energy Agency (IAEA)} },
      howpublished = "\url{https://www.iaea.org/}"
       }
       
@misc{UNSCEAR,
      author       ={ {The United Nations Scientific Committee on the Effects of Atomic Radiation (UNSCEAR)} },
      howpublished = "\url{https://www.unscear.org/}"
       }
    
@misc{CSN,
      author       = { {Consejo de Seguridad Nuclear (CSN)} },
      howpublished = "\url{https://www.csn.es/home}"
        }
    
@misc{ICRU,
      author       = { {International Commission on Radiological Units and Measurements (ICRU)} },
      howpublished = "\url{https://www.icru.org/}"
        }
    
@misc{ICRP,
      author       = { {International Commission on Radiological Protection (ICRP)} },
      howpublished = "\url{https://www.icrp.org/}"
         }
%hasta aquí 5    
@misc{ISR,
      author       = { {International Society of Radiology (ISR)} },
      howpublished = "\url{https://www.isradiology.org/}"
         }
    
@misc{UNO,
      author       = { {United Nations Organization (UNO)} } ,
      howpublished = "\url{https://www.un.org/en/}"
     
    }
    
@misc{REA,
      title        = "Red de Estaciones Automáticas (REA)",
      author       =  { {CSN} },
      howpublished = "\url{https://www.csn.es/mapa-de-valores-ambientales}",
         }
    
@misc{REM,
      title        = "Red de Estaciones de Muestreo (REM)",
      author       = { {CSN} },
      howpublished = "\url{https://www.csn.es/kprgisweb2/index.html?lang=es}"         }
    
@phdthesis{CrossSeccionNeutrino,
	author  = {  {Valverde Hermosilla}, {Manuel} },
  	title   = {Interacción Neutrino-núcleo a Energías Intermedias},
  	school  = {University of Granada},
  	year    = {2007},
  	address = {Granada, Spain},
  	month   = {05},
  	annote  = {Departamento de física atómica, molecular y nuclear}
  }
%note    = "\url{https://www.google.com/url?sa=t&rct=j&q=&esrc=s&source=web&cd=&ved=2ahUKEwjZg5zB1IryAhUNz4UKHTNTA3IQFjABegQIAxAD&url=https%3A%2F%2Fific.uv.es%2Fnucth%2Ftesisvalverde.pdf&usg=AOvVaw2CMtRcRLi9K2AU-cF_NYYS}"

%laying down basic safety standards for protection against the dangers arising from exposure to ionising radiation, and repealing Directives 89/618/Euratom, 90/641/Euratom, 96/29/Euratom, 97/43/Euratom and 2003/122/Euratom

%hasta aquí 10    
@misc{100BqL,
      title        = "Council Directive 2013/59/Euratom of 5 December 2013",
      author       = { {European Atomic Energy Community (EUROATOM)} },
      journal = {Official Journal of the European Union},
      day = {17},
      month = {1},
      year         = {2014},      
      howpublished = "\url{https://eur-lex.europa.eu/eli/dir/2013/59/oj}"
}
    
@techreport{FiberDetector1a,
	title 	= {Phase 1 Final Report for In-Situ Tritium Beta Detector},
	author  = {Berthold,  J. W.  and  Jeffers,  L. A.},
	doi 	= {10.2172/2225},
	number	= {AC21-96MC33128},
	howpublised 	= "\url{https://www.osti.gov/biblio/2225}", 
	institution={ {Office of Scientific and Technical Information (OSTI.GOV), U.S. Department of Energy} },
	journal = {},
	place 	= {United States},
	year 	= {1998},
	month 	= {4}
	} 
    
@techreport{FiberDetector1b,
	title 	= {In-situ Tritium Beta Detector},
	author = {Berthold,  J. W.  and  Jeffers,  L. A.},
	doi 	= {10.2172/836625},
	howpublised 	= "\url{https://www.osti.gov/biblio/836625}",
	institution={ {Office of Scientific and Technical Information (OSTI.GOV), U.S. Department of Energy} },	
	number={AC21-96MC33128},
	journal = {},
	place 	= {United States},
	year 	= {1998},
	month 	= {4}
	} 
    
@article{CommonEmissionTritium,
	author	={Xiaolin Hou},
	title	={{Tritium and $\ce{^{14}C}$ in the Environment and Nuclear Facilities: Sources and Analytical Methods}},
	journal	={{Journal of Nuclear Fuel Cycle and Waste Technology}},
	volume	={{16}},
	issue	={{1}},
	publisher={Korean Radioactive Waste Society},
	year	={2018},
	pages	={11-39},
	url	={http://www.jnfcwt.or.kr/journal/article.php?code=61472},
	doi 	= {10.7733/jnfcwt}
}

@misc{PercentageEnergySpain,
  author = { {Red El\'ectrica de España} },
  title  = {Informe del Sistema El\'ectrico {\-}Español},
   year   = {2019},
 howpublished ="\url{https://www.ree.es/es/datos/publicaciones/informe-anual-sistema/informe-del-sistema-electrico-espanol-2019}"
}

%Hasta aquí 15
@misc{PercentageEnergyWorld,
  author       = { {International Energy Agency} },
  title        = "Key World Energy Statistics",
  howpublished = "\url{https://www.iea.org/publications/freepublications/publication/KeyWorld2014.pdf}",
  year         = "2014"
 }
 
@misc{60ReactorsChina,
  author       = { {Europa Press} },
  title        = {China Construir\'a al Menos 60 Centrales Nucleares en la Próxima D\'ecada},
  howpublished = "\url{https://www.europapress.es/internacional/noticia-china-construira-menos-60-centrales-nucleares-proxima-decada-20160916210159.html}",
  month        = "09",
  year         = "2016"
 }
 
@misc{35MillionsUSA,
  author       = { {Noelia Lopez Redondo} },
  title        = {Estados Unidos Anuncia una Inversi\'on de 35 Millones para las Centrales Nucleares, Energy News},
  howpublished = "\url{https://www.energynews.es/estados-unidos-centrales-nucleares/}",
  month        = "10",
  year         = "2019"
 }
 
@misc{ThreeMileIsland,
  author       = { {World Nuclear Association} },
  title        = "Three mile island accident",
  howpublished = "\url{https://www.world-nuclear.org/information-library/safety-and-security/safety-of-plants/three-mile-island-accident.aspx}",
  month        = "03",
  year         = "2020"
 }

@manual{EIAOutlook,
	title 	= {International Energy Outlook 2021 with projections to 2050},
	author = {EIA},
	howpublised 	= "\url{https://www.eia.gov/outlooks/ieo/}",
	organization={ {U. S. Energy Information Administration, Office of Energy Analysis, U.S. Department of Energy, Washington, DC 20585} },	
	address 	= {Washington, DC 20585, United States},
	year 	= {2020},
	month 	= {10}
	}

%Hasta aquí 20	
@misc{FERMILAB,
  author = { {Fermilab} },
  title  = {Tritium at Fermilab},
  month        = {06},
  year   = {2019},
  howpublished ="\url{https://www.fnal.gov/pub/tritium/}"
}

@misc{BrookHavenNationalLaboratory,
  author = { {Environmental Protection Division, BNL} },
  title  = {Why is the High Flux Beam Reactor Being Decommissioned?},
  month        = {},
  year   = {},
 howpublished ="\url{https://www.bnl.gov/hfbr/decommission.php}"
}

@article{TrackingTritium,
	author	={Aleksandra Sawodni and Anna Pazdur and Jacek Pawlyta},
	title	={{Measurements of Tritium Radioactivity in Surface Water on the Upper Silesia Region}},
	journal	={{Geochronometría}},
	volume	={{18}},
	issue	={{}},
	publisher={Baza Danych o Zawartości Polskich Czasopism Technicznych, BazTech},
	year	={2000},
	pages	={23-28},
	url	={http://yadda.icm.edu.pl/baztech/element/bwmeta1.element.baztech-article-BAT3-0035-0005},
	doi 	= {}
}

@article{TritiumDiscovery,
	author	={M. L. Oliphant and P. Harteck and E. Rutherford},
	title	={{Transmutation Effects observed with Heavy Hydrogen}},
	journal	={{The Royal Society Publishing}},
	volume	={{133}},
	issue	={{853}},
	publisher={Nature},
	month   ={05},
	year	={1934},
	pages	={23-28},
	url	={https://royalsocietypublishing.org/doi/10.1098/rspa.1934.0077},
	doi 	= {10.1098/rspa.1934.0077}
}

@article{TritiumIsolate,
	author	={Alvarez and Luis W. and Cornog, Robert},
	title	={{Helium and Hydrogen of Mass 3}},
	journal	={{Phys. Rev.}},
	volume	={{56}},
	issue	={{6}},
	publisher={American Physical Society},
	month   ={09},
	year	={1939},
	pages	={613-613},
	url	={https://link.aps.org/doi/10.1103/PhysRev.56.613},
	doi 	= {10.1103/PhysRev.56.613}
}

%Hasta aquí 25
@manual{TritiumHandling,
  author = { {Departament of Energy (DOE)} },
  title  = {DOE Handbook Primer on Tritium Safe Handling Practices},
  address = { {U. S. Departament of Energy Washington, D.C. 20585} },
  month  = {06},
  year   = {2016},
 howpublished ="\url{https://www.twirpx.com/file/1977676/}"
}

@article{OxigenTritium,
	author	={Robert Haight and Joseph Wermer and Michael Fikani},
	title	={{Tritium Production by Fast Neutrons on Oxygen: An Integral Experiment}},
	journal	={{Journal of Nuclear Science and Technology}},
	volume	={{39}},
	number = {sup2},
	issue	={{853}},
	publisher={Nature},
	month   ={08},
	year	={2014},
	pages	={1232-1235},
	url	={https://royalsocietypublishing.org/doi/10.1098/rspa.1934.0077},
	doi 	= {10.1080/00223131.2002.10875326}
}

@report{FranceTritiumEnvironment,
  author       = {P. Calmon and J. Garnier-Laplace},
  title        = {Tritium and the Environment. Radionuclide Sheet},
  howpublished = "\url{https://www.irsn.fr/EN/Research/publications-documentation/radionuclides-sheets/environment/Pages/Tritium-environment.aspx}",
  month        = {12},
  year         = {2010},
  note         = { {Institut de Radioprotection et de Sureté Nucléaire (IRSN)} }
}

%%%%%REFERENCIA CROSSSECTIONNEUTRIONOOOOO!!!!!!


@misc{TritiumDecayEnergyLevels,
  author = { {IAEA} },
  title  = "Nuclear Data Services",
 howpublished ="\url{https://www-nds.iaea.org}"
}

@misc{TritiumDecayImage,
  author = { {Jorge Diaz} },
  title  = "Tritium Decay Image",
  month        = {08},
  year         = {2020},
  note         = {Website: World Press},
 howpublished ="\url{https://conexioncausal.wordpress.com}"
}

%Hasta aquí 30
@article{TritiumEspectrum,
	author	={Lin, Zhang},
	title	={{Simulation and Optimization Design of SiC-Based PN Betavoltaic Microbattery Using Tritium Source}},
	journal	={{Crystals}},
	volume	={{10}},
	number = {2},
	issue	={{2073-4352}},
	publisher={MDPI},
	month   ={02},
	year	={2020},
	article-number	={105},
	pages 	= {1-11},
	url	={https://www.mdpi.com/2073-4352/10/2/105/htm},
	doi 	= {10.3390/cryst10020105}
}

@techreport{MeanFreePathDocument,
	title 	= {Health Physics Manual of Good Practices for Tritium Facilities},
	author  = {Blauvelt, R K and Deaton, M R and Gill, J T},
	doi 	= {10.2172/266889},
	howpublised 	= "\url{https://www.osti.gov/biblio/266889}", 
	institution={ {Office of Scientific and Technical Information (OSTI.GOV), U.S. Department of Energy} },
	number={MLM-3719},
	journal = {},
	place 	= {United States},
	year 	= {1991},
	month 	= {12}
	} 

@article{EstimationTritiumDosi,
	author	={Tsuyoshi Masuda and Toshitada Yoshioka},
	title	={{Estimation of Radiation Dose from Ingested Tritium in Humans by Administration of Deuterium-Labelled Compounds and Food}},
	journal	={{Scientific Reports}},
	volume	={{11}},
	number = {2816},
	issue	={{1}},
	publisher={Nature},
	month   ={02},
	year	={2021},
	pages	={1232-1235},
	url	={https://doi.org/10.1038/s41598-021-82460-5},
	doi 	= {10.1038/s41598-021-82460-5}
}

@article{TissueDistribution,
	author	={Lee, Jei and Kim, Cha and Choi, Soo and Kim, Rae-Kwon and Kim, Ji and Nam, Seon and Jin, Young and Kim, In Gyu},
	title	={{Tissue Distribution, Excretion and Effects on Genotoxicity of Tritium Following Oral Administration to Rats}},
	journal	={{Nuclear Engineering and Technology}},
	volume	={{51}},
	number = {},
	issue	={{}},
	publisher={},
	month   ={10},
	year	={2018},
	pages	={},
	url	={https://www.researchgate.net/publication/328072361_Tissue_distribution_excretion_and_effects_on_genotoxicity_of_tritium_following_oral_administration_to_rats/citation/download},
	doi 	= {10.1016/j.net.2018.09.013}
}

@article{EstimationTritiumDosiRats,
	author	={Pietrzak-Flis, Z. and Radwan, I. and Major, Z. and Kowalska, M.},
	title	={{Tritium Incorporation in Rats Chronically Exposed to Tritiated Food or Tritiated Water for Three Successive Generations}},
	journal	={{Journal of Radiation Research}},
	volume	={{22}},
	number = {4},
	issn	={{0449-3060}},
	publisher={},
	month   ={12},
	year	={1981},
	pages	={434-442},
	url	={https://doi.org/10.1269/jrr.22.434},
	eprint = {https://academic.oup.com/jrr/article-pdf/22/4/434/2740185/jrr-22-434.pdf},
	doi 	= {10.1269/jrr.22.434}
}


%HASTA AQUÍIIIII sin problemaas!!!!

%Hasta aquí 35
@article{EstimationTritiumDosiKangarooRats,
	author	={J. R. Martin and J. J. Koranda},
	title	={{Biological Half-Life Studies of Tritium in Chronically Exposed Kangaroo Rats}},
	journal	={{Radiation Research}},
	volume	={{50}},
	number = {2},
	issn	={{00337587, 19385404}},
	publisher={Radiation Research Society},
	month   ={},
	year	={1972},
	pages	={426--440},
	url	={http://www.jstor.org/stable/3573500},
	doi 	= {10.2307/3573500}
}

@article{StraumeTritiumHazard,
	author	={T. Straume and A. L. Carsten},
	title	={{Tritium Radiobiology and Relative Biological Effectiveness}},
	journal	={{Health Physics}},
	volume	={{65}},
	number = {6},
	issn	={{0449-3060}},
	publisher={Radiation Research Society},
	month   ={12},
	year	={1993},
	pages	={657-72},
	url	={https://pubmed.ncbi.nlm.nih.gov/8244712/},
	doi 	= {10.1097/00004032-199312000-00005}
}

@proceedings{RytoemaaTritiumHazard,
  title        = {{Radiotoxicity of Tritium-Labelled Molecules}},
  year         = {1979},
  editor       = {Rytoemaa, T. and Saltevo, J. and Toivonen, H.},
  volume       = {11},
  series       = {{RADIATION, THERMAL, AND OTHER ENVIRONMENTAL POLLUTANT EFFECTS ON LIVING ORGANISMS AND BIOLOGICAL MATERIALS (C2100)}},
  publisher = {International Atomic Energy Agency (IAEA)},
  address   = {Vienna, Austria},
  issue		   = {13},
  month        = {3},
  organization = {},
  url 	= {http://inis.iaea.org/search/search.aspx?orig_q=RN:11535484}
}

@article{ICRP_GL,
	author	={{ICRP}},
	title	={1990 Recommendations of the International Commission on Radiological Protection, Publication 60},
	journal	={Ann. ICRP},
	volume	={{21}},
	number = {},
	issn	={},
	publisher={ICRP},
	month   ={},
	year	={1991},
	pages	={1-193},
	url	={https://www.icrp.org/publication.asp?id=icrp%20publication%2060},
	doi 	= {}
}

@book{WHO_GL,
  author    = { {WHO} },
  title     = {Guidelines for Drinking-Water Quality},
  publisher = {World Health Organization},
  volume     = {1},
  edition    = {3},
  address   = {Geneva},
  year      = {2017},
  howpublised 	= "\url{https://www.who.int/publications/i/item/9789241549950}"  
}

%Hasta aquí 40
@article{ICRP_factor,
	author	={{ICRP}},
	title	={Age-Dependent Doses to Members of the Public From Intake of Radionuclides: Part 5. Compilation of Ingestion and Inhalation Dose Coefficients, Publication 72},
	journal	={Ann. ICRP},
	volume	={{26}},
	number = {},
	issn	={},
	publisher={ICRP},
	month   ={},
	year	={1996},
	pages	={1-91},
	url	={https://www.icrp.org/publication.asp?id=ICRP%20Publication%2072},
	doi 	= {}
}


    
@manual{Switzerland_GL,
	title 	= {Ordonnance du DFI sur les Substances Etrangeres et les Composants dans les Denreés Alimentaires (817.021.23)},
	author  = {{Département Fédéral de l'Interieur (DFI)}},
	howpublised 	= "\url{https://www.fedlex.admin.ch/eli/cc/2017/151/fr}", 
	organization={ {The Federal Council (Swiss Government)} },
	address 	= {Switzerland},
	year 	= {2017},
	month 	= {5}
	} 
	
@manual{Ontario_GL,
	title 	= {Ontario Drinking Water Objectives},
	author  = {{OME}},
	howpublised 	= "\url{https://atrium.lib.uoguelph.ca/xmlui/handle/10214/15832}", 
	organization={ {Ontario Ministry of Environment} },
	address 	= {Toronto, Ontario},
	year 	= {1994},
	month 	= {}
} 

@manual{Quebec_GL,
	title 	= {Résultats du Programme de Surveillance de l’Environnement du Site de Gentilly-2},
	author  = {{Hydro Quebec}},
	howpublised 	= "\url{https://numerique.banq.qc.ca/patrimoine/details/52327/3582272?docref=fxoJ-qgA5cus5Upw-L_NHg}", 
	organization={ {National Library} },
	address 	= {Québec, Canada},
	year 	= {2016},
	month 	= {}
} 
	

@manual{Russia_GL,
	title 	= {NRB-99 Radiation Safety Norms},
	author  = {{International Council for Science (UCSU), World Data System}},
	howpublised 	= "\url{http://www.wdcb.ru/mining/zakon/NRB99.htm}", 
	organization={ {World Data Centers} },
	address 	= {Russia and Ukraine},
	year 	= {2007},
	month 	= {}
}

%Hasta aquí 45
@manual{Australia_GL,
	title 	= {Australian Drinking Water Guideilnes Paper 6. National Water Quality Managment Strategy},
	author  = { {NHMRC, NRMMC} },
	howpublised 	= "\url{https://www.nhmrc.gov.au/about-us/publications/australian-drinking-water-guidelines}", 
	organization={ {National Health and Medical Research Council, National Resource Managment Ministerial Council, Commonwealth of Australia} },
	address 	= {Camberra},
	year 	= {2021},
	month 	= {8}
}

@manual{Finland_GL,
	title 	= {Radiation and Nuclear Safety Authority. Radioactivity of Household Water},
	author  = {{Finnish Centre for Radiation and Nuclear Safety}},
	howpublised 	= "\url{https://inis.iaea.org/collection/NCLCollectionStore/_Public/26/052/26052573.pdf}", 
	publisher	= { {Nuclear Energy Agency } },
	editor		= {Erweko Paintuote},
	address 	= {Helsinki, Finland},
	year 	= {1993}
}

@book{California_GL,
  author    = { {California EPA} },
  title     = {Responses to Major Comments on Technical Support Document Public Health Goal For Tritium In Drinking Water},
  publisher = {Office of Environmental Health Hazard Assessment, OEHHA},
  address   = {California, USA},
  edition	= {},
  month		= {9},
  year      = {2006},
  howpublised 	= "\url{https://oehha.ca.gov/water/public-health-goal/public-health-goals-six-chemicals-drinking-water}", 
}

@techreport{USEPA_GL,
	title 	= {Radionuclides Rule: A Quick Reference Guide},
	author  = {{EPA}},
	number  = {EPA 816-F-01-003},
	howpublised 	= "\url{https://www.epa.gov/dwreginfo/radionuclides-rule}", 
	institution={ {} },
	place 	= {United States},
	year 	= {2001},
	month 	= {}
}
	
@manual{France_GL,
	title 	= {Bilan de l’État Radiologique  de l’Environnement Français de 2015 à 2017},
	author  = {{Réseau National de mesures de la radioactivité de l'environmennement}},
	howpublised 	= "\url{https://www.actu-environnement.com/media/pdf/news-32705-bilan.pdf}", 
	organization={ {Institut de Radioprotection et de Sûreté Nucléaire (IRSN)} },
	address 	= {France},
	year 	= {2018},
	month 	= {11}
}

%Hasta aquí 50	
@techreport{Germany_GL,
	title 	= {Umweltradioaktivität und Strahlenbelastung : Jahresbericht 2005},
	howpublised 	= "\url{http://doris.bfs.de/jspui/handle/urn:nbn:de:0221-20100331990}", 
	author={ {Bundesamt für Strahlenschutz} },
	institution = {Bundesamt für Strahlenschutz},
	editor={Bundesministerium für Umwelt, Naturschutz und Reaktorsicherheit (BMU)},
	place 	= {Bonn, Germany (in German)},
	year 	= {2006},
	month 	= {12},
	note = {URI: urn:nbn:de:0221-20100331990}
}

@article{Spain_GL,
	title 	= {Real Decreto 314/2016, de 29 de julio, por el que se modifican el Real Decreto 140/2003, de 7 de febrero, por el que se establecen los criterios sanitarios de la calidad del agua de consumo humano, el Real Decreto 1798/2010, de 30 de diciembre, por el que se regula la explotación y comercialización de aguas minerales naturales y aguas de manantial envasadas para consumo humano, y el Real Decreto 1799/2010, de 30 de diciembre, por el que se regula el proceso de elaboración y comercialización de aguas preparadas envasadas para el consumo humano.},
	author  = {{Gobierno de España}},
	number = {183},
	howpublised 	= "\url{https://www.boe.es/buscar/doc.php?id=BOE-A-2016-7340}", 
	publisher={ {Boletin Oficial del Estado del 30 de Julio} },
	place 	= {Spain},
	year 	= {2016},
	month 	= {07},
	day 	= {30},
	pages	= {53106-53126}
}

@manual{EURATOM_GL,
	title 	= {Laying Down Requirements for the Protection of the Health of the General Public with Regard to Radioactive Substances in Water Intended for Human Consumption},
	author  = {{European Atomic Energy Community}},
	howpublised 	= "\url{https://eur-lex.europa.eu/eli/dir/2013/59/oj}", 
	organization={ {Council directive 2013/15/euratom} },
	address 	= {},
	year 	= {2013},
	month 	= {10}
}

@article{LSCothers,
	author	={M.N Al-Haddad and A.H Fayoumi and F.A Abu-Jarad},
	title	={{Calibration of a Liquid Scintillation Counter to Assess Tritium Levels in Various Samples}},
	journal = {Nuclear Instruments and Methods in Physics Research Section A: Accelerators, Spectrometers, Detectors and Associated Equipment},
	volume	={{438}},
	number = {2},
	issn	={{0168-9002}},
	publisher={Elsevier},
	month   ={12},
	year	={1999},
	pages	={356-361},
	url	={https://www.sciencedirect.com/science/article/pii/S0168900299002727},
	doi 	= {10.1016/S0168-9002(99)00272-7}
}

%Hasta aquí 55
@article{0.6Bq_L,
	author	={M. Palomo and A. Peñalver and C. Aguilar and F. Borrull},
	title	={{Tritium Activity Levels in Environmental Water Samples from Different Origins}},
	journal = {Applied Radiation and Isotopes},
	volume	={{65}},
	number = {9},
	publisher={Elsevier},
	issn = {0969-8043},
	month   ={09},
	year	={2007},
	pages	={1048-1056},
	url	={https://www.sciencedirect.com/science/article/pii/S0969804307000917},
	doi 	= {10.1016/j.apradiso.2007.03.013}
}

@article{OnlineLSC,
	author	={R.A. Sigg and J.E. McCarty and R.R. Livingston and M.A. Sanders},
	title	={{Real-time Aqueous Tritium Monitor Using Liquid Scintillation Counting}},
	journal = {Nuclear Instruments and Methods in Physics Research Section A: Accelerators, Spectrometers, Detectors and Associated Equipment},
	volume	={{353}},
	number = {1},
	publisher={Elsevier},
	issn = {0168-9002},
	month   ={09},
	year	={1994},
	pages	={494-498},
	url	={https://www.sciencedirect.com/science/article/pii/0168900294917078},
	doi 	= {10.1016/0168-9002(94)91707-8}
}

@article{IonizationChamber1,
	author	={N.P Kherani},
	title	={{An Alternative Approach to Tritium-in-Water Monitoring}},
	journal	={{Nuclear Instruments and Methods in Physics Research Section A: Accelerators, Spectrometers, Detectors and Associated Equipment}},
	volume	={{484}},
	number = {1},
	publisher={Elsevier},
	issn = {0168-9002},
	month   ={09},
	year	={2002},
	pages	={650-659},
	url	={https://www.sciencedirect.com/science/article/pii/S0168900201020083},
	doi 	= {10.1016/S0168-9002(01)02008-3}
}

@article{IonizationChamber2,
	author	={Z. Chen and S. Peng and D. Meng and Y. He and H. Wang},
	title	={{Theoretical Study of Energy Deposition in Ionization Chambers for Tritium Measurements}},
	journal	={{Review of Scientific Instruments}},
	volume	={{84}},
	number = {},
	publisher={AIP},
	issn = {103302},
	month   ={10},
	year	={2013},
	pages	={650-659},
	url	={https://aip.scitation.org/doi/citedby/10.1063/1.4825032},
	doi 	= {10.1063/1.4825032}
}

@article{Calorimeter1,
	author	={C. G. Alecu and U. Besserer and B. Bornschein and B. Kloppe and Z. Köllö and J. Wendel},
	title	={{Reachable Accuracy and Precision for Tritium Measurements by Calorimetry at TLK}},
	journal	={{Fusion Science and Technology}},
	volume	={{60}},
	number = {3},
	publisher={Taylor & Francis},
	month   ={04},
	year	={2011},
	pages	={937-940},
	url	={https://www.tandfonline.com/doi/abs/10.13182/FST11-A12569},
	doi 	= {10.13182/FST11-A12569}
}

%Hasta aquí 60
@article{Calorimeter2,
	author	={A. Bükki-Deme and C.G. Alecu and B. Kloppe and B. Bornschein},
	title	={{First Results With the Upgraded TLK Tritium Calorimeter IGC-V0.5}},
	journal	={{Fusion Engineering and Design}},
	volume	={{88}},
	number = {11},
	publisher={Elsevier},
	month   ={11},
	year	={2013},
	pages	={2865-2869},
	issn = {0920-3796},
	url	={https://www.sciencedirect.com/science/article/pii/S0920379613005061},
	doi 	= {10.1016/j.fusengdes.2013.05.066}
}

@article{XRays1,
	author	={M Matsuyama and Y Torikai and M Hara and K Watanabe},
	title	={{New Technique for Non-Destructive Measurements of Tritium in Future Fusion Reactors}},
	journal	={{International Atomic Energy Agency (IAEA)}},
	volume	={{47}},
	number = {7},
	publisher={{IOP} Publishing},
	month   ={06},
	year	={2007},
	pages	={S464--S468},
	url	={https://iopscience.iop.org/article/10.1088/0029-5515/47/7/S09},
	doi 	= {10.1088/0029-5515/47/7/s09}
}

@article{XRays2,
	author	={Masao Matsuyama},
	title	={{Development of a New Detection System for Monitoring High-Level Tritiated Water}},
	journal	={{Fusion Engineering and Design}},
	volume	={{83}},
	number = {10},
	publisher={Elsevier},
	month   ={12},
	year	={2008},
	pages	={1438-1441},
	issn = {0920-3796},
	url	={https://www.sciencedirect.com/science/article/pii/S0920379608001099},
	doi 	= {10.1016/j.fusengdes.2008.05.023},
	note = {Proceedings of the Eight International Symposium of Fusion Nuclear Technology}
}

@article{Bremstrahlung,
	author	={Simon Niemes and Michael Sturm and Robert Michling and Beate Bornschein},
	title	={{High Level Tritiated Water Monitoring by Bremsstrahlung Counting Using a Silicon Drift Detector}},
	journal	={{Fusion Science and Technology}},
	volume	={{67}},
	number = {3},
	publisher={Taylor & Francis},
	month   ={3},
	year	={2015},
	pages	={507-510},
	url	={https://doi.org/10.13182/FST14-T66},
	doi 	= {10.13182/FST14-T66},
	eprint = {https://doi.org/10.13182/FST14-T66}
}

@article{APD,
	author	={K. S.  Shah  and P.  Gothoskar and  R. Farrell and J.  Gordon},
	title	={{High Efficiency Detection of Tritium Using Silicon Avalanche Photodiodes}},
	journal	={{IEEE Transactions on Nuclear Science}},
	volume	={{44}},
	number = {3},
	publisher={},
	month   ={6},
	year	={1997},
	pages	={774-776},
	url	={https://ieeexplore.ieee.org/document/603750},
	doi 	= {10.1109/23.603750},
}

%Hasta aquí 65
@article{Spectrometry,
	author	={P. Jean-Baptiste and E. Fourré and A. Dapoigny and D. Baumier and N. Baglan and G. Alanic},
	title	={{\ce{^{3}He} Mass Spectrometry for Very Low-Level Measurement of Organic Tritium in Environmental Samples}},
	journal	={{Journal of Environmental Radioactivity}},
	volume	={{101}},
	number = {2},
	publisher={Elsevier},
	month   ={02},
	year	={2010},
	pages	={185-190},
	url	={https://www.sciencedirect.com/science/article/pii/S0265931X09002380},
	doi 	= {10.1016/j.jenvrad.2009.10.005},
	issn = {0265-931X}
}

@article{Ring,
	author	={C. Bray and A. Pailloux and S. Plumeri},
	title	={{Tritiated Water Detection in the $2.17~\mu\meter$ Spectral Region by Cavity Ring Down Spectroscopy}},
	journal	={{Nuclear Instruments and Methods in Physics Research Section A: Accelerators, Spectrometers, Detectors and Associated Equipment}},
	volume	={{789}},
	number = {},
	publisher={Elsevier},
	month   ={07},
	year	={2015},
	pages	={43-49},
	url	={https://www.sciencedirect.com/science/article/pii/S016890021500409X},
	doi 	= {10.1016/j.nima.2015.03.064},
	issn = {0168-9002}
}

@article{Muramatsu,
	author	={M. Muramatsu and A. Koyano and N. Tokunaga},
	title	={{A Scintillation Probe for Continuous Monitoring of Tritiated Water}},
	journal	={{Nuclear Instruments and Methods}},
	volume	={{54}},
	number = {2},
	publisher={Elsevier},
	month   ={10},
	year	={1967},
	pages	={325-326},
	url	={https://www.sciencedirect.com/science/article/pii/0029554X67906453},
	doi 	= {10.1016/0029-554X(67)90645-3},
	issn = {0029-554X}
}

@article{Moghissi,
	author	={A.A. Moghissi and H.L. Kelley and C.R. Phillips and J.E. Regnier},
	title	={{A Tritium Monitor Based on Scintillation}},
	journal	={{Nuclear Instruments and Methods}},
	volume	={{68}},
	number = {1},
	publisher={Elsevier},
	month   ={02},
	year	={1969},
	pages	={159},
	url	={https://www.sciencedirect.com/science/article/pii/0029554X69907058},
	doi 	= {10.1016/0029-554X(69)90705-8},
	issn = {0029-554X}
}

@article{Osborne,
	author	={R.V. Osborne},
	title	={{Detector for Tritium in Water}},
	journal	={{Nuclear Instruments and Methods}},
	volume	={{77}},
	number = {1},
	publisher={Elsevier},
	month   ={01},
	year	={1970},
	pages	={170-172},
	url	={https://www.sciencedirect.com/science/article/pii/0029554X70905963},
	doi 	= {10.1016/0029-554X(70)90596-3},
	issn = {0029-554X}
}

%Hasta aquí 70
@article{Ratnakaran,
	author	={A.N. Singh and M. Ratnakaran and K.G. Vohra},
	title	={{An On-Line Tritium-in-Water Monitor}},
	journal	={{Nuclear Instruments and Methods in Physics Research Section A: Accelerators, Spectrometers, Detectors and Associated Equipment}},
	volume	={{236}},
	number = {1},
	publisher={Elsevier},
	month   ={05},
	year	={1985},
	pages	={159-164},
	url	={https://www.sciencedirect.com/science/article/pii/016890028590141X},
	doi 	= {10.1016/0168-9002(85)90141-X},
	issn = {0168-9002}
}

@Inproceedings{Ratnakaran2000,
  title        = {{A Real-time Tritium-In-Water Monitor for Measurement Of Heavy Water Leak To The Secondary Coolant}},
   booktitle={IRPA-10: 10. International Congress of the International Radiation Protection Association,},
  month        = {5},
  year         = {2000},
  author       = {M. Rathnakaran and R. M. Revetkar and R. K. Samant and M. C. Abani},
  publisher = {Japan Health Physics Society},
  address   = {Hiroshima, Japan},
  url 	= {https://inis.iaea.org/search/search.aspx?orig_q=RN:32015986}
}

@article{Hofstetter1,
	author	={K. J. Hofstetter and H. T. Wilson},
	title	={{Aqueous Effluent Tritium Monitor Development}},
	journal	={{Fusion Technology}},
	volume	={{21}},
	number = {2P2},
	publisher={Taylor & Francis},
	month   ={08},
	year	={1992},
	pages	={446-451},
	url	={https://doi.org/10.13182/FST92-A29786},
	doi 	= {10.13182/FST92-A29786},
	issn = {}
}

@techreport{Hofstetter2,
	title 	= {Continuous Tritium Effluent Water Monitor at the Savannah River Site},
	author  = {Hofstetter, K J and Wilson, H T},
	doi 	= {},
	howpublised 	= "\url{https://www.osti.gov/biblio/6865647}", 
	institution={ {Office of Scientific and Technical Information (OSTI.GOV), U.S. Department of Energy} },
	number  = {DE93002157},
	journal = {},
	place 	= {United States},
	year 	= {1992},
	month 	= {1}
	} 

@misc{TRITIUM,
	  title 	   ={Tritium, Interreg Sudoe Program},      
      author       ={ {Tritium Collaboration} },
      howpublished = "\url{https://www.interreg-sudoe.eu/gbr/projects/the-approved-projects/158-design-construction-and-commissioning-of-a-low-level-tritium-monitor-for-water}",
      year 		= {2016}
}

%%Hasta aquí 75
@misc{Geant4WebPage,
	  title 	   ={Geant4: A Toolkit for the Simulation of the Passage of Particles Through Matter},      
      author       ={ {GEANT4 Collaboration} },
      howpublished = "\url{https://geant4.web.cern.ch/node/1}"
}

@book{Leo,
  author    = {William R. Leo},
  title     = {Techniques for Nuclear and Particle Physics Experiments: a How-to Approach},
  publisher = {Springer-Verlag Berlin Heidelberg GmbH},
  address   = {New York},
  edition	= {2},
  doi 	= {10.13182/FST92-A29786},
  month		= {},
  year      = {1994}  
}

@manual{DataSheetBCF12Fiber,
  title        = {Scintillating Optical Fibers, It's What's Inside that Counts},
  author       = {{Saint-Gobain Crystals}},
  organization = {{Saint-Gobain Crystals}},
  address      = {United States},
  year         = {2021},
  howpublished = "\url{https://www.crystals.saint-gobain.com/products/scintillating-fiber}"
}

@unpublished{TFGAlberto,
  author = { {Soler Cambra, A.} },
  title  = {Contribución al Desarrollo de un Prototipo de Detector de Fibras Centelleadoras para la Medición de Tritio en Agua},
  month  = {07},
  year   = {2017},
  note = { {Trabajo final de grado (TFG) de la Universidad de Valencia} },
  howpublished ="\url{}"
}

%%Hasta aquí 80 
@book{Snell,
  author    = {{Born, Max and Wolf, Emil}},
  title     = {Principles of Optics: 60th Anniversary Edition},
  publisher = {Cambridge University Press},
  address   = {Cambridge},
  edition	= {7},
  DOI={10.1017/9781108769914},
  year      = {2019}
}

@manual{DataSheetPMTs,
  title        = {Photonmultiplier Tube R8520-406/R8520-506},
  author       = { {Hamamatsu Photonics K.K.} },
  organization = { {Hamamatsu Photonics K.K.} },
  address      = {Japan},
  month		   = {02},
  year         = {2019},
  howpublished = "\url{https://www.hamamatsu.com/eu/en/product/type/R8520-406/index.html}"
}

@phdthesis{TesisNEXTSiPMs,
	author  = {  {Lorca Galindo}, {David} },
  	title   = {SiPM Based Tracking for Detector Calibration in NEXT},
  	school  = {University of Valencia},
  	year    = {2015},
  	address = {Valencia, Spain},
  	month   = {03},
  	note    = "\url{https://dialnet.unirioja.es/servlet/tesis?codigo=101465}",
  	annote  = {Departamento de física atómica, molecular y nuclear}
  }
    
@misc{OSI,
      author       = { {OSI Optoelectronics} },
      title		   = {Characteristics and Applications},
      howpublished = "\url{https://osioptoelectronics.com/standard-products/silicon-photodiodes.aspx}"
}

@manual{DataSheetHammamatsu_1_SiPM_25,
  title        = {MPPC Multi-Pixel Photon Counter S13360-1325},
  author       = { {Hamamatsu Photonics K.K.} },
  organization = { {Hamamatsu Photonics K.K.} },
  address      = {Japan},
  month		   = {08},
  year         = {2016},
  howpublished = "\url{https://www.hamamatsu.com/eu/en/product/type/S13360-1325PE/index.html}"
}
	
%% Hasta aquí 85

@manual{DataSheetHammamatsu_1_SiPM_50,
  title        = {MPPC Multi-Pixel Photon Counter S13360-6050},
  author       = { {Hamamatsu Photonics K.K.} },
  organization = { {Hamamatsu Photonics K.K.} },
  address      = {Japan},
  month		   = {08},
  year         = {2016},
  howpublished = "\url{https://www.hamamatsu.com/eu/en/product/type/S13360-6050CS/index.html}"
}

@manual{DataSheetHammamatsu_1_SiPM_75,
  title        = {MPPC Multi-Pixel Photon Counter S13360-6075},
  author       = { {Hamamatsu Photonics K.K.} },
  organization = { {Hamamatsu Photonics K.K.} },
  address      = {Japan},
  month		   = {08},
  year         = {2016},
  howpublished = "\url{https://www.hamamatsu.com/eu/en/product/type/S13360-6075CS/index.html}"
}

@manual{DataSheetHammamatsu_16_SiPM_50,
  title        = {MPPC Multi-Pixel Photon Counter S13361-6050-04},
  author       = { {Hamamatsu Photonics K.K.} },
  organization = { {Hamamatsu Photonics K.K.} },
  address      = {Japan},
  month		   = {08},
  year         = {2016},
  howpublished = "\url{https://www.hamamatsu.com/eu/en/product/optical-sensors/mppc/mppc_mppc-array/S13361-6050NE-04.html}"
}

@article{CrosstalkProbability,
	author	={Spinelli, A. and Lacaita, A.L.},
	title	={{Physics and Numerical Simulation of Single Photon Avalanche Diodes}},
	journal	={{IEEE Transactions on Electron Devices}},
	volume	={{44}},
	number = {11},
	publisher={IEEE},
	month   ={},
	year	={1997},
	pages	={1931-1943},
	url	={https://ieeexplore.ieee.org/document/641363},
	doi 	= {10.1109/16.641363},
	issn = {}
}

@InProceedings{PDEStudy,
  author       = {Yahlali, Nadia and Fernandes, L.M.P. and Lorca, David},
  title        = {Characterization of UV-Enhanced SiPMs for Imaging in a High Pressure Xenon Electroluminescent TPC},
  booktitle={2013 3rd International Conference on Advancements in Nuclear Instrumentation, Measurement Methods and their Applications (ANIMMA)},
  month        = {06},
  year         = {2013},
  url		   = {https://ieeexplore.ieee.org/document/6728092},
  editor       = {ANIMMA},
  pages        = {1-12},
  address      = {France},
  publisher    = {IEEE},
  doi={10.1109/ANIMMA.2013.6728092}
}

@manual{DataSheetHammamatsu_1_SiPM_1375,
  title        = {MPPC Multi-Pixel Photon Counter) S13360-1375},
  author       = { {Hamamatsu Photonics K.K.} },
  organization = { {Hamamatsu Photonics K.K.} },
  address      = {Japan},
  month		   = {08},
  year         = {2016},
  howpublished = "\url{https://www.hamamatsu.com/jp/en/product/type/S13360-1375CS/index.html}"
}
	
%%Hasta aquí 90
@manual{DataSheetHammamatsu_array_SiPM_6050,
  title        = {MPPC Multi-Pixel Photon Counter S13361-6050},
  author       = { {Hamamatsu Photonics K.K.} },
  organization = { {Hamamatsu Photonics K.K.} },
  address      = {Japan},
  month		   = {06},
  year         = {2020},
  howpublished = "\url{https://www.hamamatsu.com/us/en/product/type/S13361-6050AE-04/index.html}"
}

@manual{DataSheetHammamatsu_array_SiPM_3050,
  title        = {MPPC Multi-Pixel Photon Counter S13361-3050},
  author       = { {Hamamatsu Photonics K.K.} },
  organization = { {Hamamatsu Photonics K.K.} },
  address      = {Japan},
  month		   = {06},
  year         = {2020},
  howpublished = "\url{https://www.hamamatsu.com/jp/en/product/type/S13361-3050AE-08/index.html}"
}

@manual{DataSheetSensL,
  title        = {Introduction to the SPM Technical Note},
  author       = { {SensL Sense Light} },
  organization = { {SensL Sense Light} },
  address      = {},
  month		   = {02},
  year         = {2017},
  howpublished = "\url{https://sensl.com/}"
}

@manual{DataSheetKeithley6487,
  title        = {Model 6487 Picoammeter/Voltage Source},
  author       = { {Keithley Instruments} },
  organization = { {Keithley Instruments} },
  address      = {},
  month		   = {},
  year         = {},
  howpublished = "\url{https://pdf.directindustry.com/pdf/keithley-instruments/6487-picoammeter-voltage-source/1438-619876.html}"
}

@manual{DataSheetHVSupplyTennelec,
  title        = {Tennelec Model TC 952 High Voltage Supply},
  author       = { {Mirion Technologies (Camberra) SAS} },
  organization = { {Mirion Technologies (Camberra) SAS} },
  address      = {},
  month		   = {},
  year         = {},
  howpublished = "\url{https://groups.nscl.msu.edu/nscl_library/manuals/tennelec/tennelec.htm}"
}

%%Hasta aquí 95

@manual{DataSheetHVSupplyWenzel,
  title        = {Model N 1330-4 High Voltage Power Supply},
  author       = { {Wenzel Electronik GmbH} },
  organization = { {Wenzel Electronik GmbH} },
  address      = {},
  month		   = {},
  year         = {},
  howpublished = "\url{https://wenzel-elektronik.de}"
}

@manual{DataSheetFANINOUT,
  title        = {Model 740 Quad Linear Fan-In/Out},
  author       = { {Phillips Scientific} },
  organization = { {Phillips Scientific} },
  address      = {},
  month		   = {},
  year         = {},
  howpublished = "\url{https://prep.fnal.gov/catalog/hardware_info/phillips_scientific/740.html}"
}

@manual{DataSheetPreAmp,
  title        = {Model 9326 FastPreamplifier},
  author       = { {ORTEC, AMETEK} },
  organization = { {ORTEC, AMETEK} },
  address      = {South Illinois Ave., Oak Ridge, USA},
  month		   = {},
  year         = {},
  howpublished = "\url{https://www.ortec-online.com/products/electronics/preamplifiers/9326}"
}

@manual{DataSheet575Amp,
  title        = {Model 575A Amplifier},
  author       = { {ORTEC, AMETEK} },
  organization = { {ORTEC, AMETEK} },
  address      = {South Illinois Ave., Oak Ridge, USA},
  month		   = {},
  year         = {},
  howpublished = "\url{https://www.ortec-online.com/products/electronics/amplifiers/575a}"
}

@manual{DataSheet671Amp,
  title        = {Model 671 Spectroscopy Amplifier},
  author       = { {ORTEC, AMETEK} },
  organization = { {ORTEC, AMETEK} },
  address      = {South Illinois Ave., Oak Ridge, USA},
  month		   = {},
  year         = {},
  howpublished = "\url{https://www.ortec-online.com/products/electronics/amplifiers/671}"
}
	
%%Hasta aquí 100
@manual{DataSheetDiscriminator,
  title        = {Model CF8000 Octal Constant-Fraction Discriminator},
  author       = { {ORTEC, AMETEK} },
  organization = { {ORTEC, AMETEK} },
  address      = {South Illinois Ave., Oak Ridge, USA},
  month		   = {},
  year         = {},
  howpublished = "\url{https://www.ortec-online.com/products/electronics/fast-timing-discriminators/cf8000}"
}

@manual{DataSheetDiscriminatorCAEN,
  title        = {Model 84, 4 Channels Discriminator},
  author       = { {CAEN SpA} },
  organization = { {CAEN SpA} },
  address      = {},
  month		   = {05},
  year         = {1991},
  howpublished = "\url{https://www.google.com/url?sa=t&rct=j&q=&esrc=s&source=web&cd=&ved=2ahUKEwiLyonzjL_wAhULAWMBHYTOBVoQFjACegQIBRAD&url=https%3A%2F%2Fwwwusers.ts.infn.it%2F~rui%2Funiv%2FAcquisizione_Dati%2FManuals%2FCAEN%2520N84.pdf&usg=AOvVaw379eLskdwjPuXY6fUmnIPk}"
}

@manual{DataSheetCoincidenceLeCroy,
  title        = {Model 465 Coincidence Unit},
  author       = {LeCroy},
  organization = {LeCroy},
  address      = {},
  month		   = {},
  year         = {},
  howpublished = "\url{https://prep.fnal.gov/catalog/hardware_info/lecroy/nim/465.html}"
}

@manual{DataSheetCoincidenceCERN,
  title        = {Module Coincidence 5 IN - 7 OUT FE260, N6234},
  author       = { {CERN} },
  organization = { {CERN} },
  address      = {},
  month		   = {},
  year         = {},
  howpublished = "\url{}"
}

@manual{DataSheetGateAndDelay,
  title        = {Model 416A Gate and Delay Generator},
  author       = { {ORTEC, AMETEK} },
  organization = { {ORTEC, AMETEK} },
  address      = {South Illinois Ave., Oak Ridge, USA},
  month		   = {},
  year         = {},
  howpublished = "\url{https://www.ortec-online.com/products/electronics/delays-gates-and-logic-modules/416a}"
}
	
%%Hasta aquí 105
@manual{DataSheetMCA,
  title        = {MCA8000D, Pocket MCA, Digital Multichannel Analyzer},
  author       = { {AmpTek, Materials Analysis Division} },
  organization = { {AmpTek, Materials Analysis Division} },
  address      = {Bedford Massachusetts, USA},
  month		   = {},
  year         = {},
  howpublished = "\url{https://www.amptek.com/products/multichannel-analyzers/mca-8000d-digital-multichannel-analyzer}"
}

@misc{PETSYS,
	  title 	   ={PETsys Electronics},      
      author       ={ {PETsys} },
      howpublished = "\url{https://www.petsyselectronics.com/web/}"
}

@manual{VoltageSourceISOTECH,
  title        = {GPS-4303 Digital Bench Power Supply With UKAS Calibration, 4 Output},
  author       = {ISOTECH},
  organization = {ISOTECH},
  address      = {},
  month		   = {},
  year         = {},
  howpublished = "\url{https://www.enrgtech.co.uk/buy/product/ET14138881/IPS4303}"
}

@manual{VoltageSourceKethley,
  title        = {Model 6517B Electrometer User's Manual},
  author       = { {Keithley Instruments} },
  organization = { {Keithley Instruments} },
  address      = {},
  month		   = {},
  year         = {},
  howpublished = "\url{https://www.tek.com/low-level-sensitive-and-specialty-instruments/high-resistance-low-current-electrometers-series-650-6}"
}

@misc{ThorlabsCompany,
      author       ={ {Thorlabs, Inc.} },
      howpublished = "\url{https://www.thorlabs.com/}"
}
    
%%Hasta aquí 110
@manual{OpticalFibers,
  title        = {Optical fiber BCF-98},
  author       = { {Saint-Gobain Crystals} },
  organization = { {Saint-Gobain Crystals} },
  address      = {United States},
  month		   = {},
  year         = {2021},
  howpublished = "\url{https://www.crystals.saint-gobain.com/products/scintillating-fiber}"
}

@manual{LEDThorlabs,
  title        = {LED430L - 430 nm LED with a Glass Lens, 8 mW, TO-18},
  author       = { {Thorlabs, Inc.} },
  organization = { {Thorlabs, Inc.} },
  address      = {},
  month		   = {04},
  year         = {2018},
  howpublished = "\url{https://www.thorlabs.com/thorproduct.cfm?partnumber=LED430L}"
}

@manual{Oscilloscope,
  title        = {Mixed Signal Oscillocope, Model MSO44},
  author       = { {Tektronix, Inc.} },
  organization = { {Tektronix, Inc.} },
  address      = {},
  month		   = {02},
  year         = {2021},
  howpublished = "\url{https://www.tek.com/en/datasheet/4-series-mso}"
}

@book{NaturalRadioactiveSeries1,
  author    = {Pall Theodórsson},
  title     = {Measurement of Weak Radioactivity},
  publisher = {World Scientific},
  address   = {},
  year      = {1996},
  issn		= {},
  volume    = {},
  doi		= {10.1142/2800},
  url 	= {https://www.worldscientific.com/worldscibooks/10.1142/2800}
}

@book{NaturalRadioactiveSeries2,
  author    = {R D Evans},
  title     = {The Atomic Nucleus},
  publisher = {McGraw-Hill, Inc.},
  address   = {Bombay},
  year      = {1995},
  issn		= {},
  volume    = {},
  url 	= {https://www.academia.edu/28858622/Evans_The_atomic_nucleus}
}
    
%%Hasta aquí 115
@article{PDG,
	author	={ {Zyla, P.A. et al.} },
	title	={{Review of Particle Physics}},
	collaboration = {Particle Data Group},
	journal	={{Prog. Theor. Exp. Phys.}},
	volume	={{2020}},
	number = {8},
	publisher={Oxford University Press},
	month   ={},
	year	={2020},
	pages	={083C01},
	url	={https://pdg.lbl.gov/},
	doi 	= {10.1093/ptep/ptaa104}
}
    
@article{HardCosmicMuonRate,
	author	={Hiroyuki   Sagawa  and  Itsumasa   Urabe},
	title	={{Estimation of Absorbed Dose Rates in Air Based on Flux Densities of Cosmic Ray Muons and Electrons on the Ground Level in Japan}},
	journal	={{Journal of Nuclear Science and Technology}},
	volume	={{38}},
	number = {12},
	publisher={Taylor & Francis},
	month   ={02},
	year	={2012},
	pages	={1103-1108},
	url	={https://www.tandfonline.com/doi/abs/10.1080/18811248.2001.9715142},
	doi 	= {10.1080/18811248.2001.9715142},
	issn = {}
}

@article{HardCosmicMuonRatePlot,
	author	={Szucs, T. and Bemmerer, D. and Reinhardt, T. P. and Schmidt, K. and Takács, M. P. and Wagner, A. and Wagner, L. and Weinberger, D. and Zuber, K.},
	title	={{Cosmic-Ray-Induced Background Intercomparison with Actively Shielded HPGe Detectors at Underground Locations}},
	journal	={{The European Physical Journal A}},
	volume	={{51}},
	number = {33},
	publisher={Springer Science and Business Media LLC},
	month   ={03},
	year	={2015},
	pages	={1-9},
	url	={https://link.springer.com/article/10.1140/epja/i2015-15033-0},
	doi 	= {101140/epja/i2015-15033-0},
	issn = {1434-601X}
}

@manual{ScintillatorVeto,
  title        = {Plastic Scintillator of Epic Crystal},
  author       = { {Epic-Crystal} },
  organization = { {Epic-Crystal} },
  address      = {},
  month		   = {},
  year         = {2020},
  howpublished = "\url{http://www.epic-crystal.com/others/plastic-scintillator.html}"
}

@manual{DiamondThorlabs,
  title        = {Guide to Connectorization and Polishing Optical Fibers},
  author       = { {Thorlabs Inc.} },
  organization = { {Thorlabs Inc.} },
  address      = {},
  month		   = {},
  year         = {2006},
  howpublished = "\url{https://www.thorlabs.de/thorproduct.cfm?partnumber=FN96A}"
}
	
%%Hasta aquí 120
@misc{GuillotineIFO,
	  title		   = {POF Cutter Block},
      author       ={ {Industrial Fiber Optics} },
      howpublished = "\url{https://i-fiberoptics.com/tool-detail.php?id=105&cat=cutters}"
}

@article{AngleBlade,
	author	={Sáez-Rodríguez, David and Nielsen, Kristian and Bang, Ole and Webb, David John},
	title	={{Simple Room Temperature Method for Polymer Optical Fibre Cleaving}},
	journal	={{Journal of Lightwave Technology}},
	volume	={{33}},
	number = {23},
	publisher={IEEE},
	month   ={09},
	year	={2015},
	pages	={4712-4716},
	url	={https://ieeexplore.ieee.org/document/7274313},
	doi 	= {10.1109/JLT.2015.2479365},
	issn = {1434-601X}
}

@article{TemperatureBlade,
	author	={S.H. Law and J.D. Harvey and R.J. Kruhlak and M. Song and E. Wu and G.W. Barton and M.A. {van Eijkelenborg} and M.C.J. Large},
	title	={{Cleaving of Microstructured Polymer Optical Fibres}},
	journal	={{Optics Communications}},
	volume	={{258}},
	number = {2},
	publisher={Elsevier},
	month   ={02},
	year	={206},
	pages	={193-202},
	url	={https://www.sciencedirect.com/science/article/pii/S0030401805008230},
	doi 	= {10.1016/j.optcom.2005.08.011},
	issn = {0030-4018}
}

@manual{StepperMotors,
  title        = {ST4209S1404-A - Stepper Motor NEMA 17},
  author       = { {Nanotec} },
  organization = { {Nanotec} },
  address      = {},
  month		   = {},
  year         = {2006},
  howpublished = "\url{https://en.nanotec.com/products/463-st4209s1404-a}"
}

@misc{StructureAxis,
	  title		   = {Carro transversal Drylin-SLW},
      author       ={ {IGUS S.L.} },
      howpublished = "\url{https://www.igus.es/info/linear-guides-drylin-cross-slide}"
}
%%Hasta aquí 125
@misc{ArduinoUNO,
	  title		   = {Arduino UNO REV3},
      author       ={ {ARDUINO} },
      howpublished = "\url{https://www.arduino.cc/}"
}

@manual{CNCShield,
  title        = {CNC Shield V3.0},
  author       = { {OSOYOO} },
  organization = { {OSOYOO} },
  address      = {},
  month		   = {04},
  year         = {2017},
  howpublished = "\url{https://osoyoo.com/2017/04/07/arduino-uno-cnc-shield-v3-0-a4988/}"
}

@manual{A4988Driver,
  title        = {Driver Pololu A4988, DMOS Microstepping Driver with Translator And Overcurrent Protection},
  author       = { {Allegro MicroSystems} },
  organization = { {Allegro MicroSystems} },
  address      = {},
  month		   = {},
  year         = {2011},
  howpublished = "\url{https://www.alldatasheet.es/datasheet-pdf/pdf/455036/ALLEGRO/A4988.html}"
}

@manual{DRV8825Driver,
  title        = {DRV8825 Stepper Motor Controller IC},
  author       = { {Texas Instruments} },
  organization = { {Texas Instruments} },
  address      = {},
  month		   = {07},
  year         = {2014},
  howpublished = "\url{https://www.ti.com/product/DRV8825?utm_source=google&utm_medium=cpc&utm_campaign=asc-null-null-GPN_EN-cpc-pf-google-wwe&utm_content=DRV8825&ds_k=DRV8825+Datasheet&DCM=yes&gclid=EAIaIQobChMIworWtYba7gIVqoFQBh10_QfhEAAYASAAEgLPn_D_BwE&gclsrc=aw.ds}"
}

@manual{TMC2208Driver,
  title        = {Driver TMC2208, Step/Dir Drivers for Two-Phase Bipolar Stepper Motors up to 2A peak- StealthChop for Quiet Movement- UART Interface Option},
  author       = { {Integrated Circuits} },
  organization = { {Integrated Circuits} },
  address      = {},
  month		   = {07},
  year         = {2019},
  howpublished = "\url{https://www.google.com/url?sa=t&rct=j&q=&esrc=s&source=web&cd=&ved=2ahUKEwiJ-7qPk4rxAhWlyoUKHeBEA9gQFjAAegQIBhAD&url=https%3A%2F%2Fwww.trinamic.com%2Ffileadmin%2Fassets%2FProducts%2FICs_Documents%2FTMC220x_TMC2224_datasheet_Rev1.09.pdf&usg=AOvVaw0PrHryfBPIuUenhXeS_hSS}"
}
	
%%Hasta aquí 130
@misc{RaspberryPi,
      author       ={ {Raspberry Pi Foundation} },
      howpublished = "\url{https://www.raspberrypi.org/}"
}

@misc{GRBLDocumentation,
      title       ={ {GRBL Package of Arduino} },
      author	  = {GRBL},
      howpublished = "\url{https://github.com/grbl/grbl/wiki}"
}

@misc{SaintGobain,
	  title			   = { },
	  author		   = {{Saint-Gobain Crystals}},
      howpublished = "\url{https://www.crystals.saint-gobain.com/#}"
}

@manual{LEDRLT,
  title        = {LED435-03, 20 mW, 20 mA},
  author       = { {Roithner LaserTechnik Gmbh} },
  organization = { {Roithner LaserTechnik Gmbh} },
  address      = {},
  month		   = {08},
  year         = {2010},
  howpublished = "\url{http://www.roithner-laser.com/led_diverse.html}"
}
	
	
	%%%%%%%%%%%%%%% Referenciaaa FiberConnector!!!!!
	
@misc{OpticalGrease,
      title       ={ {BC-630, Silicone Optical Grease} },
      author	  = { {Saint-Gobain Crystals} },
      howpublished = "\url{https://www.crystals.saint-gobain.com/}"
}

@manual{BlackBlancket,
  title        = {BK5 - Black Nylon, Polyurethane-Coated Fabric, 5' $\times$ 9' (1.5m $\times$ 2.7m) $\times$ 0.005" (0.12 mm) Thick},
  author       = { {Thorlabs Inc.} },
  organization = { {Thorlabs Inc.} },
  address      = {},
  month		   = {},
  year         = {},
  howpublished = "\url{https://www.thorlabs.com/thorproduct.cfm?partnumber=BK5}"
}
	
%%%%%HASTA AQUÍIIII
%%Hasta aquí 135
@misc{WettingProperty,
      title       ={ {Wetting Agents} },
      author	  = { {San Nopco Limited, Japan} },
      howpublished = "\url{https://www.sannopco.co.jp/eng/products/function/function4.php}"
}

@manual{ClimaticChamberIFIMED,
  title        = {Climatic Chamber Model CCK 85},
  author       = { {DYCOMETAL} },
  organization = { {DYCOMETAL} },
  address      = {},
  month		   = {},
  year         = {},
  howpublished = "\url{https://www.dycometal.com/catalogo/catalogo-cck-dycometal/?portfolioCats=13%2C14}"
}

@manual{OscilloscopeIFIMED,
  title        = {WaveRunner 6 Zi  Oscilloscopes400 MHz –4 GHz},
  author       = { {Teledyne LeCroy} },
  organization = { {Teledyne LeCroy} },
  address      = {},
  month		   = {},
  year         = {2017},
  howpublished = "\url{https://www.google.com/url?sa=t&rct=j&q=&esrc=s&source=web&cd=&ved=2ahUKEwiA-aaDo_bxAhWngVwKHYWTCNcQFjAAegQIBRAD&url=https%3A%2F%2Fcdn.teledynelecroy.com%2Ffiles%2Fpdf%2Fwaverunner-6zi-datasheet.pdf&usg=AOvVaw2TnF3v6ce4P0uvm7BNIuE1}"
}

@article{ROOTWebPage,
	author	={ {Rene Brun and Fons Rademakers, ROOT} },
	title	={{ROOT - An Object Oriented Data Analysis Framework}},
	journal	={{Nuclear Instrumentation and Method in Physics}},
	volume	={{389}},
	publisher={Elsevier},
	day		={23},
	month   ={8},
	year	={2019},
	url	={https://root.cern.ch/},
}

@InProceedings{ROOTWebPage2,
  author       = { {Rene Brun and Fons Rademakers, ROOT} },
  title        = {{ROOT - An Object Oriented Data Analysis Framework}},
  booktitle={AIHENP'96 Workshop},
  day		   = {23},
  month        = {8},
  year         = {2019},
  url		   = {https://root.cern.ch/},
  address      = {Lausanne, Switzerland},
  publisher    = {AIHENP}
}

@manual{TurbiditySystem,
  title        = {Multiparamétrico con Opciones GPS, Sonda Autoregistradora, Turbidez e ISE},
  author       = { {Hanna Instruments} },
  organization = { {Hanna Instruments} },
  address      = {},
  month		   = {},
  year         = {},
  howpublished = "\url{https://www.hannainst.es/parametros/4654-multiparametrico-portatil-con-portasondas-multisensor-ph-orp-ce-od-temperatura.html#/507-cable_m-4_m/512-portasondas-si/513-portasondas_registrador-no/514-gps-no/515-turbidez-no}"
}

%%Hasta aquí 140
@manual{ScalerDataSheet,
  title        = {Quad Scaler And Preset Counter-Timer, N1145},
  author       = { {CAEN SpA} },
  organization = { {CAEN SpA} },
  address      = {},
  month		   = {},
  year         = {},
  howpublished = "\url{https://www.caen.it/products/n1145/}"
}

@misc{PTB,
      author       ={ {Physikalish-Technische Bundesanstalt (PTB)} },
      howpublished = "\url{https://www.ptb.de/cms/}"
}

@unpublished{TritiumSourceTechnicalFile,
  author = {Physikalisch-Technische Bundesanstalt (PTB)},
  title  = {Calibration Certificate of Tritium Source, PTB-6.11-2005-1442},
  year   = {2016},
  place	 = {Braunschweig and Berlin, Germany},
  note = { {Technical data sheet of the tritium source} }
}

@manual{DataSheetPMTsAveiro,
  title        = {Photonmultiplier tube R2154-02 2},
  author       = { {Hamamatsu Photonics K.K.} },
  organization = { {Hamamatsu Photonics K.K.} },
  address      = {Japan},
  month		   = {12},
  year         = {2010},
  howpublished = "\url{https://www.hamamatsu.com/eu/en/product/type/R2154-02/index.html}"
}
	
	
%%Hasta aquí 145
@manual{PowerSupplyAveiroDataSheet,
  title        = {High Voltage Power Supply C11152-01},
  author       = { {Hamamatsu Photonics K.K.} },
  organization = { {Hamamatsu Photonics K.K.} },
  address      = {Japan},
  month		   = {10},
  year         = {2015},
  howpublished = "\url{https://www.hamamatsu.com/jp/en/product/type/C11152-01/index.html}"
}

@manual{MAX5500DataSheet,
  title        = {Low-Power, Quad, 12-Bit, Votlage-Output DACs with Serial Interface},
  author       = { {Maxim Integrated} },
  organization = { {Maxim Integrated} },
  address      = {},
  month		   = {},
  year         = {2009},
  howpublished = "\url{https://www.maximintegrated.com/en/products/analog/data-converters/digital-to-analog-converters/MAX5500.html}"
}

@manual{VetoAveiro,
  title        = {Scintillating Plastic Grown with Polymeric Method},
  author       = { {Saint-Gobain Crystals} },
  organization = { {Saint-Gobain Crystals} },
  address      = {United States},
  year         = {2021},
  howpublished = "\url{https://www.epic-crystal.com/others/plastic-scintillator.html}"
}

@manual{CREMATPreAmplifierDataSheet,
  title        = {CR 111-R2.1 Charge Sensitive Preamplifier},
  author       = { {CREMAT Inc.} },
  organization = { {CREMAT Inc.} },
  address      = {07},
  year         = {2020},
  howpublished = "\url{https://www.cremat.com/home/charge-sensitive-preamplifiers/}"
}

@manual{OPA656,
  title        = {OPA656 Wideband, Unity-Gain Stable, FET-Input Operational Amplifier},
  author       = { {Texas Instruments} },
  organization = { {Texas Instruments} },
  year         = {2015},
  howpublished = "\url{https://www.ti.com/product/OPA656}"
}
	
%%Hasta aquí 150
@manual{LT111,
  title        = {LT111A Voltage Comparator},
  author       = { {Linear Technologies, Inc.} },
  organization = { {Linear Technologies, Inc.} },
  howpublished = "\url{https://datasheetspdf.com/pdf/57354/LinearTechnology/LT111/1}"
}

@manual{Stretcher,
  title        = {SN74AHC1G32 Single 2-Input Positive-OR Gate},
  author       = { {Texas Instruments} },
  organization = { {Texas Instruments} },
  year         = {2017},
  howpublished = "\url{https://www.ti.com/product/SN74AHC1G32}"
}

@manual{ANDGate,
  title        = {SN74LVC1G11DBVR Single 3-Input Positive-AND Gate},
  author       = { {Texas Instruments} },
  organization = { {Texas Instruments} },
  year         = {2016},
  howpublished = "\url{https://www.ti.com/store/ti/en/p/product/?p=SN74LVC1G11DBVR}"
}

@article{Geant4P,
	author	={S. Agostinelli and J. Allison and K. Amako and J. Apostolakis and H. Araujo and P. Arce and M. Asai and D. Axen and S. Banerjee and G. Barrand and F. Behner and L. Bellagamba and J. Boudreau and L. Broglia and A. Brunengo and H. Burkhardt and S. Chauvie and J. Chuma and R. Chytracek and G. Cooperman and G. Cosmo and P. Degtyarenko and A. Dell'Acqua and G. Depaola and D. Dietrich and R. Enami and A. Feliciello and C. Ferguson and H. Fesefeldt and G. Folger and F. Foppiano and A. Forti and S. Garelli and S. Giani and R. Giannitrapani and D. Gibin and J.J. {Gómez Cadenas} and I. González and G. {Gracia Abril} and G. Greeniaus and W. Greiner and V. Grichine and A. Grossheim and S. Guatelli and P. Gumplinger and R. Hamatsu and K. Hashimoto and H. Hasui and A. Heikkinen and A. Howard and V. Ivanchenko and A. Johnson and F.W. Jones and J. Kallenbach and N. Kanaya and M. Kawabata and Y. Kawabata and M. Kawaguti and S. Kelner and P. Kent and A. Kimura and T. Kodama and R. Kokoulin and M. Kossov and H. Kurashige and E. Lamanna and T. Lampén and V. Lara and V. Lefebure and F. Lei and M. Liendl and W. Lockman and F. Longo and S. Magni and M. Maire and E. Medernach and K. Minamimoto and P. {Mora de Freitas} and Y. Morita and K. Murakami and M. Nagamatu and R. Nartallo and P. Nieminen and T. Nishimura and K. Ohtsubo and M. Okamura and S. O'Neale and Y. Oohata and K. Paech and J. Perl and A. Pfeiffer and M.G. Pia and F. Ranjard and A. Rybin and S. Sadilov and E. {Di Salvo} and G. Santin and T. Sasaki and N. Savvas and Y. Sawada and S. Scherer and S. Sei and V. Sirotenko and D. Smith and N. Starkov and H. Stoecker and J. Sulkimo and M. Takahata and S. Tanaka and E. Tcherniaev and E. {Safai Tehrani} and M. Tropeano and P. Truscott and H. Uno and L. Urban and P. Urban and M. Verderi and A. Walkden and W. Wander and H. Weber and J.P. Wellisch and T. Wenaus and D.C. Williams and D. Wright and T. Yamada and H. Yoshida and D. Zschiesche},
	title	={{Geant4— A Simulation Toolkit}},
	journal	={{Nuclear Instruments and Methods in Physics Research Section A: Accelerators, Spectrometers, Detectors and Associated Equipment}},
	volume	={{506}},
	number = {3},
	publisher={Elsevier},
	month   ={07},
	year	={2003},
	pages	={250-303},
	url	={https://www.sciencedirect.com/science/article/pii/S0168900203013688},
	doi 	= {10.1016/S0168-9002(03)01368-8},
	issn = {0168-9002}
}

@misc{CRYwebsite,
	  title		   ={Physics Simulation Packages, CRY (Cosmic-Ray Particle Showers)},
      author       ={ {Computational Nuclear Physics Group (CNP)} },
      institution	={Lawrence Livermore National Laboratory (LLNL)},
      howpublished = "\url{https://nuclear.llnl.gov/simulation/}"
}

@InProceedings{CRYpaper,
  author       = {Hagmann, Chris and Lange, David and Wright, Douglas},
  title        = {Cosmic-ray Shower Generator (CRY) for Monte Carlo Transport Codes},
  booktitle={2007 IEEE Nuclear Science Symposium Conference Record},
  month        = {},
  year         = {2007},
  url		   = {https://ieeexplore.ieee.org/document/4437209},
  pages        = {1143-1146},
  address      = {Honolulu, Hi, USA},
  publisher    = {IEEE},
  doi={10.1109/NSSMIC.2007.4437209}
}
	
    
%%Hasta aquí 155
@InProceedings{WaterPropertiesSimulation,
  author       = {Hendrik Buiteveld and J. H. M. Hakvoort and M. Donze},
  title        = {Optical Properties of Pure Water},
  booktitle	   = {Ocean Optics XII, Bergen, Norway, 26 October 1994},
  volume 	   = {2258},
  month        = {10},
  year         = {1994},
  url		   = {https://www.spiedigitallibrary.org/conference-proceedings-of-spie/2258/1/Optical-properties-of-pure-water/10.1117/12.190060.short?SSO=1},
  editor       = {Jules S. Jaffe},
  pages        = {174-183},
  address      = {Honolulu, Hi, USA},
  organization = {International Society for Optics and Photonics},
  publisher    = {SPIE},
  doi={10.1117/12.190060}
}

@article{TritiumEmissionSpectrum,
	author	={S. Mertens and T. Lasserre and S. Groh and G. Drexlin and F. Glück and A. Huber and A.W.P. Poon and M. Steidl and N. Steinbrink and C. Weinheimer},
	title	={{Sensitivity of Next-Generation Tritium Beta-Decay Experiments for {keV}-Scale Sterile Neutrinos}},
	journal	={{Journal of Cosmology and Astroparticle Physics}},
	volume	={{2015}},
	number = {2},
	publisher={{IOP} Publishing},
	month   ={02},
	year	={2015},
	article-number	={020},
	pages	= {1-24},
	url	={https://iopscience.iop.org/article/10.1088/1475-7516/2015/02/020},
	doi 	= {10.1088/1475-7516/2015/02/020},
	issn = {}
}

@article{NEMODataSimulation,
	author	={J. Argyriades and R. Arnold and C. Augier and J. Baker and A.S. Barabash and M. Bongrand and G. Broudin-Bay and V.B. Brudanin and A.J. Caffrey and S. Cebrián and A. Chapon and E. Chauveau and Th. Dafni and Z. Daraktchieva and J. Díaz and D. Durand and V.G. Egorov and J.J. Evans and N. Fatemi-Ghomi and R. Flack and A. Basharina-Freshville and K.-I. Fushimi and X. Garrido and H. Gómez and B. Guillon and A. Holin and K. Holý and J.J. Horkley and Ph. Hubert and C. Hugon and F.J. Iguaz and I.G. Irastorza and N. Ishihara and C.M. Jackson and S. Jullian and S. Kanamaru and M. Kauer and O.I. Kochetov and S.I. Konovalov and V.E. Kovalenko and D. Lalanne and K. Lang and Y. Lemière and G. Lutter and G. Luzón and F. Mamedov and Ch. Marquet and J. Martin-Albo and F. Mauger and F. Monrabal and A. Nachab and I. Nasteva and I.B. Nemchenok and C.H. Nguyen and F. Nova and P. Novella and H. Ohsumi and R.B. Pahlka and F. Perrot and F. Piquemal and P.P. Povinec and B. Richards and J.S. Ricol and C.L. Riddle and A. Rodriguez and R. Saakyan and X. Sarazin and J.K. Sedgbeer and L. Serra and L. Simard and F. Šimkovic and Yu.A. Shitov and A.A. Smolnikov and S. Söldner-Rembold and I. Štekl and Y. Sugaya and C.S. Sutton and G. Szklarz and Y. Tamagawa and J. Thomas and R. Thompson and V.V. Timkin and V.I. Tretyak and Vl.I. Tretyak and V.I. Umatov and L. Vála and I.A. Vanyushin and R. Vasiliev and V. Vorobel and Ts. Vylov and D. Waters and N. Yahlali and A. Žukauskas},
	title	={{Spectral Modeling of Scintillator for the NEMO-3 and SuperNEMO Detectors}},
	journal	={{Nuclear Instruments and Methods in Physics Research Section A: Accelerators, Spectrometers, Detectors and Associated Equipment}},
	volume	={{625}},
	number = {1},
	publisher={Elsevier},
	month   ={},
	year	={2011},
	pages	={20-28},
	url	={https://www.sciencedirect.com/science/article/pii/S0168900210020206?via%3Dihub},
	doi 	= {10.1016/j.nima.2010.09.027},
	issn = {0168-9002}
}

@article{BirksPaper,
	author	={J B Birks},
	title	={{Scintillations from Organic Crystals: Specific Fluorescence and Relative Response to Different Radiations}},
	journal	={{Proceedings of the Physical Society. Section A}},
	volume	={{64}},
	number = {10},
	publisher={{IOP} Publishing},
	month   ={10},
	year	={1951},
	pages	={874--877},
	url	={https://iopscience.iop.org/article/10.1088/0370-1298/64/10/303},
	doi 	= {10.1088/0370-1298/64/10/303},
	issn = {}
}

%%Hasta aquí 160
@unpublished{BirksCoefficient,
  author = {B. D. Leverington and M. Anelli and P. Campana and R. Rosellini},
  title  = {A 1 mm Scintillating Fibre Tracker Readout by a Multi-anode Photomultiplier},
  month  = {07},
  year   = {2011},
  note = { {arXiv:1106.5649v2} },
  howpublished ="\url{https://arxiv.org/abs/1106.5649}",
  doi 	= {10.48550/arXiv.1106.5649}
}

@manual{CAENV1724,
  title        = {CAEN V1724, 8 Channels, 14 bit, 100MS/s Digitalizer},
  author       = { {CAEN SpA} },
  organization = { {CAEN SpA} },
  address      = {},
  year         = {},
  howpublished = "\url{https://www.caen.it/products/v1724/}"
}

@book{Knoll,
  author    = {Glenn F. Knoll},
  title     = {Radiation Detection and Measurement},
  publisher = {John Wiley \& Sons, Inc.},
  edition 	= {4},
  address   = {},
  year      = {2010},
  issn		= {0146-6453},
  volume    = {},
  url 	= {https://www.wiley.com/en-sg/Radiation+Detection+and+Measurement,+4th+Edition-p-9780470131480}
}
	
@unpublished{ExperimentalPaperCarlos,
  author = {C.D.R. Azevedo and A. Baeza and E. Chauveau and J.A. Corbacho and J. Díaz and J. Domange and C. Marquet and M. Martinez-Roig and F. Piquemal and J.F.C.A. Veloso and N. Yahlali},
  title  = {Development of a Real-Time Tritium-in-Water Monitor},
  month  = {02},
  year   = {2022},
  note = { {arXiv:2202.11068v1} },
  howpublished ="\url{https://arxiv.org/pdf/2202.11068.pdf}",
}

@article{SimulationPaperCarlos,
	author	={C.D.R. Azevedo and A. Baeza and E. Chauveau and J.A. Corbacho and J. Díaz and J. Domange and C. Marquet and M. Martínez-Roig and F. Piquemal and J.F.C.A. Veloso and N. Yahlali},
	title	={{Simulation Results of a Real-Time in Water Tritium Monitor}},
	journal	={{Nuclear Instruments and Methods in Physics Research Section A: Accelerators, Spectrometers, Detectors and Associated Equipment}},
	volume	={{982}},
	number = {},
	publisher={Elsevier},
	month   ={12},
	year	={2020},
	pages	={164555},
	url	={https://www.sciencedirect.com/science/article/pii/S0168900220309529},
	doi 	= {10.1088/0370-1298/64/10/303},
	issn = {}
}
	
%%Hasta aquí 165
