% References article LFV in hadronic tau decays and mu-tau conversion

@article{Gasser:1983yg,
      author         = "Gasser, J. and Leutwyler, H.",
      title          = "{Chiral Perturbation Theory to One Loop}",
      journal        = "Annals Phys.",
      volume         = "158",
      year           = "1984",
      pages          = "142",
      doi            = "10.1016/0003-4916(84)90242-2",
      reportNumber   = "CERN-TH-3689",
      SLACcitation   = "%%CITATION = APNYA,158,142;%%"
}

@article{Gasser:1984gg,
      author         = "Gasser, J. and Leutwyler, H.",
      title          = "{Chiral Perturbation Theory: Expansions in the Mass of
                        the Strange Quark}",
      journal        = "Nucl. Phys.",
      volume         = "B250",
      year           = "1985",
      pages          = "465-516",
      doi            = "10.1016/0550-3213(85)90492-4",
      reportNumber   = "CERN-TH-3798",
      SLACcitation   = "%%CITATION = NUPHA,B250,465;%%"
}

@article{Ecker:1989yg,
      author         = "Ecker, G. and Gasser, J. and Leutwyler, H. and Pich, A.
                        and de Rafael, E.",
      title          = "{Chiral Lagrangians for Massive Spin 1 Fields}",
      journal        = "Phys. Lett.",
      volume         = "B223",
      year           = "1989",
      pages          = "425-432",
      doi            = "10.1016/0370-2693(89)91627-4",
      reportNumber   = "BUTP-89/4-BERN, UWThPh-1989-9, FTUV/89-7, CPT-89/PE-2243",
      SLACcitation   = "%%CITATION = PHLTA,B223,425;%%"
}

@article{Ecker:1988te,
      author         = "Ecker, G. and Gasser, J. and Pich, A. and de Rafael, E.",
      title          = "{The Role of Resonances in Chiral Perturbation Theory}",
      journal        = "Nucl. Phys.",
      volume         = "B321",
      year           = "1989",
      pages          = "311-342",
      doi            = "10.1016/0550-3213(89)90346-5",
      reportNumber   = "CERN-TH-5185/88, UWThPh-1988-29, BUTP-88/18,
                        CPT-88/PE-2158",
      SLACcitation   = "%%CITATION = NUPHA,B321,311;%%"
}

@article{Portoles:2010yt,
      author         = "Portol\'es, J.",
      title          = "{Basics of Resonance Chiral Theory}",
      booktitle      = "{Proceedings, 6th International Workshop on Chiral
                        symmetry in hadrons and nuclei  (CHIRAL 10): Valencia,
                        Spain, June 21-24, 2010}",
      journal        = "AIP Conf. Proc.",
      volume         = "1322",
      year           = "2010",
      pages          = "178-187",
      doi            = "10.1063/1.3541978",
      eprint         = "1010.3360",
      archivePrefix  = "arXiv",
      primaryClass   = "hep-ph",
      reportNumber   = "IFIC-10-36",
      SLACcitation   = "%%CITATION = ARXIV:1010.3360;%%"
}

@article{Witten:1979kh,
      author         = "Witten, Edward",
      title          = "{Baryons in the 1/n Expansion}",
      journal        = "Nucl. Phys.",
      volume         = "B160",
      year           = "1979",
      pages          = "57-115",
      doi            = "10.1016/0550-3213(79)90232-3",
      reportNumber   = "HUTP-79-A007",
      SLACcitation   = "%%CITATION = NUPHA,B160,57;%%"
}

@article{tHooft:1974pnl,
      author         = "'t Hooft, Gerard",
      title          = "{A Two-Dimensional Model for Mesons}",
      journal        = "Nucl. Phys.",
      volume         = "B75",
      year           = "1974",
      pages          = "461-470",
      doi            = "10.1016/0550-3213(74)90088-1",
      reportNumber   = "CERN-TH-1820",
      SLACcitation   = "%%CITATION = NUPHA,B75,461;%%"
}

@article{tHooft:1973alw,
      author         = "'t Hooft, Gerard",
      title          = "{A Planar Diagram Theory for Strong Interactions}",
      journal        = "Nucl. Phys.",
      volume         = "B72",
      year           = "1974",
      pages          = "461",
      doi            = "10.1016/0550-3213(74)90154-0",
      reportNumber   = "CERN-TH-1786",
      SLACcitation   = "%%CITATION = NUPHA,B72,461;%%"
}


@article{Cirigliano:2004ue,
      author         = "Cirigliano, V. and Ecker, G. and Eidemueller, M. and Pich,
                        A. and Portol\'es, J.",
      title          = "{The $\langle$VAP$\rangle$ Green function in the resonance region}",
      journal        = "Phys. Lett.",
      volume         = "B596",
      year           = "2004",
      pages          = "96-106",
      doi            = "10.1016/j.physletb.2004.06.082",
      eprint         = "hep-ph/0404004",
      archivePrefix  = "arXiv",
      primaryClass   = "hep-ph",
      reportNumber   = "MAP-295, IFIC-04-12, FTUV-04-0401, UWTHPH-2004-6",
      SLACcitation   = "%%CITATION = HEP-PH/0404004;%%"
}


@article{Cirigliano:2005xn,
      author         = "Cirigliano, V. and Ecker, G. and Eidemueller, M. and
                        Kaiser, Roland and Pich, A. and Portol\'es, J.",
      title          = "{The $\langle$SPP$\rangle$  Green function and $SU(3)$ breaking in $K_{\ell 3}$
                        decays}",
      journal        = "JHEP",
      volume         = "04",
      year           = "2005",
      pages          = "006",
      doi            = "10.1088/1126-6708/2005/04/006",
      eprint         = "hep-ph/0503108",
      archivePrefix  = "arXiv",
      primaryClass   = "hep-ph",
      reportNumber   = "CALTECH-MAP-306, UWTHPH-2005-2, IFIC-05-12, FTUV-05-0309",
      SLACcitation   = "%%CITATION = HEP-PH/0503108;%%"
}

@article{Kampf:2011ty,
      author         = "Kampf, Karol and Novotny, Jiri",
      title          = "{Resonance saturation in the odd-intrinsic parity sector
                        of low-energy QCD}",
      journal        = "Phys. Rev.",
      volume         = "D84",
      year           = "2011",
      pages          = "014036",
      doi            = "10.1103/PhysRevD.84.014036",
      eprint         = "1104.3137",
      archivePrefix  = "arXiv",
      primaryClass   = "hep-ph",
      reportNumber   = "LU-TP-11-20",
      SLACcitation   = "%%CITATION = ARXIV:1104.3137;%%"
}

%%% contains utf-8, see: http://inspirehep.net/info/faq/general#utf8
%%% add \usepackage[utf8]{inputenc} to your latex preamble

@article{Husek:2015wta,
      author         = "Husek, Tom\'a\v{s} and Leupold, Stefan",
      title          = "{Two-hadron saturation for the
                        pseudoscalar–vector–vector correlator and
                        phenomenological applications}",
      journal        = "Eur. Phys. J.",
      volume         = "C75",
      year           = "2015",
      number         = "12",
      pages          = "586",
      doi            = "10.1140/epjc/s10052-015-3778-x",
      eprint         = "1507.00478",
      archivePrefix  = "arXiv",
      primaryClass   = "hep-ph",
      SLACcitation   = "%%CITATION = ARXIV:1507.00478;%%"
}

@article{Mateu:2007tr,
      author         = "Mateu, V. and Portol\'es, J.",
      title          = "{Form-factors in radiative pion decay}",
      journal        = "Eur. Phys. J.",
      volume         = "C52",
      year           = "2007",
      pages          = "325-338",
      doi            = "10.1140/epjc/s10052-007-0393-5",
      eprint         = "0706.1039",
      archivePrefix  = "arXiv",
      primaryClass   = "hep-ph",
      reportNumber   = "IFIC-07-29, FTUV-07-0607",
      SLACcitation   = "%%CITATION = ARXIV:0706.1039;%%"
}



@article{Cirigliano:2006hb,
      author         = "Cirigliano, V. and Ecker, G. and Eidemueller, M. and
                        Kaiser, Roland and Pich, A. and Portol\'es, J.",
      title          = "{Towards a consistent estimate of the chiral low-energy
                        constants}",
      journal        = "Nucl. Phys.",
      volume         = "B753",
      year           = "2006",
      pages          = "139-177",
      doi            = "10.1016/j.nuclphysb.2006.07.010",
      eprint         = "hep-ph/0603205",
      archivePrefix  = "arXiv",
      primaryClass   = "hep-ph",
      reportNumber   = "CALTECH-MAP-319, CPT-P05-2006, FTUV-06-0319, IFIC-06-02,
                        UWTHPH-2005-19",
      SLACcitation   = "%%CITATION = HEP-PH/0603205;%%"
}


@article{Cirigliano:2011ny,
      author         = "Cirigliano, Vincenzo and Ecker, Gerhard and Neufeld,
                        Helmut and Pich, Antonio and Portoles, Jorge",
      title          = "{Kaon Decays in the Standard Model}",
      journal        = "Rev. Mod. Phys.",
      volume         = "84",
      year           = "2012",
      pages          = "399",
      doi            = "10.1103/RevModPhys.84.399",
      eprint         = "1107.6001",
      archivePrefix  = "arXiv",
      primaryClass   = "hep-ph",
      reportNumber   = "FTUV-11-0729, IFIC-11-02, UWTHPH-2011-25",
      SLACcitation   = "%%CITATION = ARXIV:1107.6001;%%"
}



@article{Lepage:1980fj,
      author         = "Lepage, G. Peter and Brodsky, Stanley J.",
      title          = "{Exclusive Processes in Perturbative Quantum
                        Chromodynamics}",
      journal        = "Phys. Rev.",
      volume         = "D22",
      year           = "1980",
      pages          = "2157",
      doi            = "10.1103/PhysRevD.22.2157",
      reportNumber   = "SLAC-PUB-2478",
      SLACcitation   = "%%CITATION = PHRVA,D22,2157;%%"
}

%%% contains utf-8, see: http://inspirehep.net/info/faq/general#utf8
%%% add \usepackage[utf8]{inputenc} to your latex preamble

@article{Dorsner:2016wpm,
      author         = "Doršner, I. and Fajfer, S. and Greljo, A. and Kamenik,
                        J. F. and Košnik, N.",
      title          = "{Physics of leptoquarks in precision experiments and at
                        particle colliders}",
      journal        = "Phys. Rept.",
      volume         = "641",
      year           = "2016",
      pages          = "1-68",
      doi            = "10.1016/j.physrep.2016.06.001",
      eprint         = "1603.04993",
      archivePrefix  = "arXiv",
      primaryClass   = "hep-ph",
      SLACcitation   = "%%CITATION = ARXIV:1603.04993;%%"
}

@article{Abada:2016vzu,
      author         = "Abada, A. and De Romeri, V. and Orloff, J. and Teixeira,
                        A. M.",
      title          = "{In-flight cLFV conversion: ${e-\mu }$ , ${e-\tau }$ and
                        ${\mu -\tau }$ in minimal extensions of the standard model
                        with sterile fermions}",
      journal        = "Eur. Phys. J.",
      volume         = "C77",
      year           = "2017",
      number         = "5",
      pages          = "304",
      doi            = "10.1140/epjc/s10052-017-4864-z",
      eprint         = "1612.05548",
      archivePrefix  = "arXiv",
      primaryClass   = "hep-ph",
      reportNumber   = "LPT-ORSAY-16-86, PCCF-RI-16-08, IFT-UAM-CSIC-16-138,
                        FTUAM-16-47",
      SLACcitation   = "%%CITATION = ARXIV:1612.05548;%%"
}

%%% contains utf-8, see: http://inspirehep.net/info/faq/general#utf8
%%% add \usepackage[utf8]{inputenc} to your latex preamble

@article{Takeuchi:2017btl,
      author         = "Takeuchi, Michihisa and Uesaka, Yuichi and Yamanaka,
                        Masato",
      title          = "{Higgs mediated CLFV processes $\mu N ( eN ) \rightarrow \tau X$ via
                        gluon operators}",
      journal        = "Phys. Lett.",
      volume         = "B772",
      year           = "2017",
      pages          = "279-282",
      doi            = "10.1016/j.physletb.2017.06.054",
      eprint         = "1705.01059",
      archivePrefix  = "arXiv",
      primaryClass   = "hep-ph",
      reportNumber   = "MISC-2017-03, IPMU17-0070",
      SLACcitation   = "%%CITATION = ARXIV:1705.01059;%%"
}

@article{Gninenko:2018num,
      author         = "Gninenko, Sergei and Kovalenko, Sergey and Kuleshov,
                        Serguei and Lyubovitskij, Valery E. and Zhevlakov, Alexey
                        S.",
      title          = "{Deep inelastic $e-\tau$ and $\mu-\tau$ conversion in the
                        NA64 experiment at the CERN SPS}",
      journal        = "Phys. Rev.",
      volume         = "D98",
      year           = "2018",
      number         = "1",
      pages          = "015007",
      doi            = "10.1103/PhysRevD.98.015007",
      eprint         = "1804.05550",
      archivePrefix  = "arXiv",
      primaryClass   = "hep-ph",
      SLACcitation   = "%%CITATION = ARXIV:1804.05550;%%"
}

@article{Buchmuller:1985jz,
      author         = "Buchmuller, W. and Wyler, D.",
      title          = "{Effective Lagrangian Analysis of New Interactions and
                        Flavor Conservation}",
      journal        = "Nucl. Phys.",
      volume         = "B268",
      year           = "1986",
      pages          = "621-653",
      doi            = "10.1016/0550-3213(86)90262-2",
      reportNumber   = "CERN-TH-4254/85",
      SLACcitation   = "%%CITATION = NUPHA,B268,621;%%"
}

@article{Grzadkowski:2010es,
      author         = "Grzadkowski, B. and Iskrzynski, M. and Misiak, M. and
                        Rosiek, J.",
      title          = "{Dimension-Six Terms in the Standard Model Lagrangian}",
      journal        = "JHEP",
      volume         = "10",
      year           = "2010",
      pages          = "085",
      doi            = "10.1007/JHEP10(2010)085",
      eprint         = "1008.4884",
      archivePrefix  = "arXiv",
      primaryClass   = "hep-ph",
      reportNumber   = "IFT-9-2010, TTP10-35",
      SLACcitation   = "%%CITATION = ARXIV:1008.4884;%%"
}

@article{Li:2019xvv,
      author         = "Li, Tong and Schmidt, Michael A.",
      title          = "{Charged lepton flavor violation: current constraints and
                        sensitivity of future experiments}",
      year           = "2019",
      eprint         = "1907.06963",
      archivePrefix  = "arXiv",
      primaryClass   = "hep-ph",
      SLACcitation   = "%%CITATION = ARXIV:1907.06963;%%"
}

@article{Carpentier:2010ue,
      author         = "Carpentier, Michael and Davidson, Sacha",
      title          = "{Constraints on two-lepton, two quark operators}",
      journal        = "Eur. Phys. J.",
      volume         = "C70",
      year           = "2010",
      pages          = "1071-1090",
      doi            = "10.1140/epjc/s10052-010-1482-4",
      eprint         = "1008.0280",
      archivePrefix  = "arXiv",
      primaryClass   = "hep-ph",
      SLACcitation   = "%%CITATION = ARXIV:1008.0280;%%"
}

@article{Petrov:2013vka,
      author         = "Petrov, Alexey A. and Zhuridov, Dmitry V.",
      title          = "{Lepton flavor-violating transitions in effective field
                        theory and gluonic operators}",
      journal        = "Phys. Rev.",
      volume         = "D89",
      year           = "2014",
      number         = "3",
      pages          = "033005",
      doi            = "10.1103/PhysRevD.89.033005",
      eprint         = "1308.6561",
      archivePrefix  = "arXiv",
      primaryClass   = "hep-ph",
      reportNumber   = "WSU-HEP-1307",
      SLACcitation   = "%%CITATION = ARXIV:1308.6561;%%"
}

@article{Cai:2015poa,
      author         = "Cai, Yi and Schmidt, Michael A.",
      title          = "{A Case Study of the Sensitivity to LFV Operators with
                        Precision Measurements and the LHC}",
      journal        = "JHEP",
      volume         = "02",
      year           = "2016",
      pages          = "176",
      doi            = "10.1007/JHEP02(2016)176",
      eprint         = "1510.02486",
      archivePrefix  = "arXiv",
      primaryClass   = "hep-ph",
      SLACcitation   = "%%CITATION = ARXIV:1510.02486;%%"
}

@article{Bhattacharya:2018ryy,
      author         = "Bhattacharya, Bhubanjyoti and Morgan, Robert and Osborne,
                        James and Petrov, Alexey A.",
      title          = "{Studies of Lepton Flavor Violation at the LHC}",
      journal        = "Phys. Lett.",
      volume         = "B785",
      year           = "2018",
      pages          = "165-170",
      doi            = "10.1016/j.physletb.2018.08.037",
      eprint         = "1802.06082",
      archivePrefix  = "arXiv",
      primaryClass   = "hep-ph",
      reportNumber   = "WSU-HEP-1801",
      SLACcitation   = "%%CITATION = ARXIV:1802.06082;%%"
}

@article{Cai:2018cog,
      author         = "Cai, Yi and Schmidt, Michael A. and Valencia, German",
      title          = "{Lepton-flavour-violating gluonic operators: constraints
                        from the LHC and low energy experiments}",
      journal        = "JHEP",
      volume         = "05",
      year           = "2018",
      pages          = "143",
      doi            = "10.1007/JHEP05(2018)143",
      eprint         = "1802.09822",
      archivePrefix  = "arXiv",
      primaryClass   = "hep-ph",
      SLACcitation   = "%%CITATION = ARXIV:1802.09822;%%"
}

@article{Raidal:2008jk,
      author         = "Raidal, M. and others",
      title          = "{Flavour physics of leptons and dipole moments}",
      booktitle      = "{Flavor in the era of the LHC. Proceedings, CERN
                        Workshop, Geneva, Switzerland, November 2005-March 2007}",
      journal        = "Eur. Phys. J.",
      volume         = "C57",
      year           = "2008",
      pages          = "13-182",
      doi            = "10.1140/epjc/s10052-008-0715-2",
      eprint         = "0801.1826",
      archivePrefix  = "arXiv",
      primaryClass   = "hep-ph",
      SLACcitation   = "%%CITATION = ARXIV:0801.1826;%%"
}

@article{Mandal:2019gff,
      author         = "Mandal, Rusa and Pich, Antonio",
      title          = "{Constraints on scalar leptoquarks from lepton and kaon
                        physics}",
      year           = "2019",
      eprint         = "1908.11155",
      archivePrefix  = "arXiv",
      primaryClass   = "hep-ph",
      reportNumber   = "IFIC/19-32",
      SLACcitation   = "%%CITATION = ARXIV:1908.11155;%%"
}

@article{Abe:2012jj,
      author         = "Abe, K. and others",
      title          = "{Evidence for the Appearance of Atmospheric Tau Neutrinos
                        in Super-Kamiokande}",
      collaboration  = "Super-Kamiokande",
      journal        = "Phys. Rev. Lett.",
      volume         = "110",
      year           = "2013",
      number         = "18",
      pages          = "181802",
      doi            = "10.1103/PhysRevLett.110.181802",
      eprint         = "1206.0328",
      archivePrefix  = "arXiv",
      primaryClass   = "hep-ex",
      SLACcitation   = "%%CITATION = ARXIV:1206.0328;%%"
}

@article{Abe:2011fz,
      author         = "Abe, Y. and others",
      title          = "{Indication of Reactor $\bar{\nu}_e$ Disappearance in the
                        Double Chooz Experiment}",
      collaboration  = "Double Chooz",
      journal        = "Phys. Rev. Lett.",
      volume         = "108",
      year           = "2012",
      pages          = "131801",
      doi            = "10.1103/PhysRevLett.108.131801",
      eprint         = "1112.6353",
      archivePrefix  = "arXiv",
      primaryClass   = "hep-ex",
      SLACcitation   = "%%CITATION = ARXIV:1112.6353;%%"
}

@article{An:2012eh,
      author         = "An, F. P. and others",
      title          = "{Observation of electron-antineutrino disappearance at
                        Daya Bay}",
      collaboration  = "Daya Bay",
      journal        = "Phys. Rev. Lett.",
      volume         = "108",
      year           = "2012",
      pages          = "171803",
      doi            = "10.1103/PhysRevLett.108.171803",
      eprint         = "1203.1669",
      archivePrefix  = "arXiv",
      primaryClass   = "hep-ex",
      SLACcitation   = "%%CITATION = ARXIV:1203.1669;%%"
}

@article{Ahn:2012nd,
      author         = "Ahn, J. K. and others",
      title          = "{Observation of Reactor Electron Antineutrino
                        Disappearance in the RENO Experiment}",
      collaboration  = "RENO",
      journal        = "Phys. Rev. Lett.",
      volume         = "108",
      year           = "2012",
      pages          = "191802",
      doi            = "10.1103/PhysRevLett.108.191802",
      eprint         = "1204.0626",
      archivePrefix  = "arXiv",
      primaryClass   = "hep-ex",
      SLACcitation   = "%%CITATION = ARXIV:1204.0626;%%"
}

@article{Adamson:2011qu,
      author         = "Adamson, P. and others",
      title          = "{Improved search for muon-neutrino to electron-neutrino
                        oscillations in MINOS}",
      collaboration  = "MINOS",
      journal        = "Phys. Rev. Lett.",
      volume         = "107",
      year           = "2011",
      pages          = "181802",
      doi            = "10.1103/PhysRevLett.107.181802",
      eprint         = "1108.0015",
      archivePrefix  = "arXiv",
      primaryClass   = "hep-ex",
      reportNumber   = "FERMILAB-PUB-11-351-PPD, BNL-96120-2011-JA",
      SLACcitation   = "%%CITATION = ARXIV:1108.0015;%%"
}

@article{Cheng:1977nv,
      author         = "Cheng, Ta-Pei and Li, Ling-Fong",
      title          = "{Muon Number Nonconservation Effects in a Gauge Theory
                        with $V + A$ Currents and Heavy Neutral Leptons}",
      journal        = "Phys. Rev.",
      volume         = "D16",
      year           = "1977",
      pages          = "1425",
      doi            = "10.1103/PhysRevD.16.1425",
      reportNumber   = "UMSL-77-2, CMU-COO-3066-86",
      SLACcitation   = "%%CITATION = PHRVA,D16,1425;%%"
}

@article{Petcov:1976ff,
      author         = "Petcov, S. T.",
      title          = "{The Processes $\mu \rightarrow e \gamma$, $\mu \rightarrow e e \bar{e}$,
                        $\nu' \rightarrow \nu \gamma$ in the Weinberg-Salam Model
                        with Neutrino Mixing}",
      journal        = "Sov. J. Nucl. Phys.",
      volume         = "25",
      year           = "1977",
      pages          = "340",
      note           = "[Erratum: Yad. Fiz.25,1336(1977)]",
      reportNumber   = "JINR-E2-10176, JINR-P2-9595",
      SLACcitation   = "%%CITATION = SJNCA,25,340;%%"
}

@article{Bilenky:1977du,
      author         = "Bilenky, Samoil M. and Petcov, S. T. and Pontecorvo, B.",
      title          = "{Lepton Mixing, $\mu \rightarrow e \gamma$ Decay and Neutrino
                        Oscillations}",
      journal        = "Phys. Lett.",
      volume         = "67B",
      year           = "1977",
      pages          = "309",
      doi            = "10.1016/0370-2693(77)90379-3",
      reportNumber   = "JINR-E2-10374",
      SLACcitation   = "%%CITATION = PHLTA,67B,309;%%"
}

@article{Marciano:1977wx,
      author         = "Marciano, W. J. and Sanda, A. I.",
      title          = "{Exotic Decays of the Muon and Heavy Leptons in Gauge
                        Theories}",
      journal        = "Phys. Lett.",
      volume         = "67B",
      year           = "1977",
      pages          = "303-305",
      doi            = "10.1016/0370-2693(77)90377-X",
      reportNumber   = "COO-2232B-116",
      SLACcitation   = "%%CITATION = PHLTA,67B,303;%%"
}

@article{Lee:1977tib,
      author         = "Lee, Benjamin W. and Shrock, Robert E.",
      title          = "{Natural Suppression of Symmetry Violation in Gauge
                        Theories: Muon - Lepton and Electron Lepton Number
                        Nonconservation}",
      journal        = "Phys. Rev.",
      volume         = "D16",
      year           = "1977",
      pages          = "1444",
      doi            = "10.1103/PhysRevD.16.1444",
      reportNumber   = "FERMILAB-PUB-77-21-THY, FERMILAB-PUB-77-021-T",
      SLACcitation   = "%%CITATION = PHRVA,D16,1444;%%"
}

@article{Filipuzzi:2012mg,
      author         = "Filipuzzi, Alberto and Portol\'es, Jorge and
                        Gonz\'alez-Alonso, Mart\'{\i}n",
      title          = "{U(2)$^5$ flavor symmetry and lepton universality
                        violation in $W \to \tau \nu_\tau$}",
      journal        = "Phys. Rev.",
      volume         = "D85",
      year           = "2012",
      pages          = "116010",
      doi            = "10.1103/PhysRevD.85.116010",
      eprint         = "1203.2092",
      archivePrefix  = "arXiv",
      primaryClass   = "hep-ph",
      reportNumber   = "NPAC-12-05, IFIC-11-35, FTUV-11-0903",
      SLACcitation   = "%%CITATION = ARXIV:1203.2092;%%"
}

@article{Lees:2013uzd,
      author         = "Lees, J. P.  and others",
      title          = "{Measurement of an Excess of $\bar{B} \to D^{(*)}\tau^-
                        \bar{\nu}_\tau$ Decays and Implications for Charged Higgs
                        Bosons}",
      collaboration  = "BaBar",
      journal        = "Phys. Rev.",
      volume         = "D88",
      year           = "2013",
      number         = "7",
      pages          = "072012",
      doi            = "10.1103/PhysRevD.88.072012",
      eprint         = "1303.0571",
      archivePrefix  = "arXiv",
      primaryClass   = "hep-ex",
      reportNumber   = "BABAR-PUB-13-001, SLAC-PUB-15381",
      SLACcitation   = "%%CITATION = ARXIV:1303.0571;%%"
}

@article{Aaij:2015yra,
      author         = "Aaij, Roel and others",
      title          = "{Measurement of the ratio of branching fractions
                        $\mathcal{B}(\bar{B}^0 \to
                        D^{*+}\tau^{-}\bar{\nu}_{\tau})/\mathcal{B}(\bar{B}^0 \to
                        D^{*+}\mu^{-}\bar{\nu}_{\mu})$}",
      collaboration  = "LHCb",
      journal        = "Phys. Rev. Lett.",
      volume         = "115",
      year           = "2015",
      number         = "11",
      pages          = "111803",
      doi            = "10.1103/PhysRevLett.115.159901,
                        10.1103/PhysRevLett.115.111803",
      note           = "[Erratum: Phys. Rev. Lett. 115, no.15, 159901, 2015]",
      eprint         = "1506.08614",
      archivePrefix  = "arXiv",
      primaryClass   = "hep-ex",
      reportNumber   = "CERN-PH-EP-2015-150, LHCB-PAPER-2015-025",
      SLACcitation   = "%%CITATION = ARXIV:1506.08614;%%"
}

@article{Aaij:2017deq,
      author         = "Aaij, R. and others",
      title          = "{Test of Lepton Flavor Universality by the measurement of
                        the $B^0 \to D^{*-} \tau^+ \nu_{\tau}$ branching fraction
                        using three-prong $\tau$ decays}",
      collaboration  = "LHCb",
      journal        = "Phys. Rev.",
      volume         = "D97",
      year           = "2018",
      number         = "7",
      pages          = "072013",
      doi            = "10.1103/PhysRevD.97.072013",
      eprint         = "1711.02505",
      archivePrefix  = "arXiv",
      primaryClass   = "hep-ex",
      reportNumber   = "CERN-EP-2017-256, LHCB-PAPER-2017-027",
      SLACcitation   = "%%CITATION = ARXIV:1711.02505;%%"
}

@article{Aaij:2014ora,
      author         = "Aaij, Roel and others",
      title          = "{Test of lepton universality using $B^{+}\rightarrow
                        K^{+}\ell^{+}\ell^{-}$ decays}",
      collaboration  = "LHCb",
      journal        = "Phys. Rev. Lett.",
      volume         = "113",
      year           = "2014",
      pages          = "151601",
      doi            = "10.1103/PhysRevLett.113.151601",
      eprint         = "1406.6482",
      archivePrefix  = "arXiv",
      primaryClass   = "hep-ex",
      reportNumber   = "CERN-PH-EP-2014-140, LHCB-PAPER-2014-024",
      SLACcitation   = "%%CITATION = ARXIV:1406.6482;%%"
}

@article{Aaij:2017vbb,
      author         = "Aaij, R. and others",
      title          = "{Test of lepton universality with $B^{0} \rightarrow
                        K^{*0}\ell^{+}\ell^{-}$ decays}",
      collaboration  = "LHCb",
      journal        = "JHEP",
      volume         = "08",
      year           = "2017",
      pages          = "055",
      doi            = "10.1007/JHEP08(2017)055",
      eprint         = "1705.05802",
      archivePrefix  = "arXiv",
      primaryClass   = "hep-ex",
      reportNumber   = "LHCB-PAPER-2017-013, CERN-EP-2017-100",
      SLACcitation   = "%%CITATION = ARXIV:1705.05802;%%"
}

@article{Aaij:2019wad,
      author         = "Aaij, Roel and others",
      title          = "{Search for lepton-universality violation in $B^+\to
                        K^+\ell^+\ell^-$ decays}",
      collaboration  = "LHCb",
      journal        = "Phys. Rev. Lett.",
      volume         = "122",
      year           = "2019",
      number         = "19",
      pages          = "191801",
      doi            = "10.1103/PhysRevLett.122.191801",
      eprint         = "1903.09252",
      archivePrefix  = "arXiv",
      primaryClass   = "hep-ex",
      reportNumber   = "LHCb-PAPER-2019-009, CERN-EP-2019-043,
                        LHCb-PAPER-2019-009 CERN-EP-2019-043",
      SLACcitation   = "%%CITATION = ARXIV:1903.09252;%%"
}

@article{Li:1981nk,
      author         = "Li, Xiaoyuan and Ma, Ernest",
      title          = "{Gauge Model of Generation Nonuniversality}",
      journal        = "Phys. Rev. Lett.",
      volume         = "47",
      year           = "1981",
      pages          = "1788",
      doi            = "10.1103/PhysRevLett.47.1788",
      reportNumber   = "Print-81-0777 (HAWAII), UH-511-454-81",
      SLACcitation   = "%%CITATION = PRLTA,47,1788;%%"
}

@article{Ma:1987ds,
      author         = "Ma, Ernest and Li, Xiaoyuan and Tuan, San Fu",
      title          = "{Gauge Model of Generation Nonuniversality Revisited}",
      journal        = "Phys. Rev. Lett.",
      volume         = "60",
      year           = "1988",
      pages          = "495-498",
      doi            = "10.1103/PhysRevLett.60.495",
      reportNumber   = "UH-511-637-87, UCRHEP-T2, AS-ITP-87-029",
      SLACcitation   = "%%CITATION = PRLTA,60,495;%%"
}

@article{Hsieh:2010zr,
      author         = "Hsieh, Ken and Schmitz, Kai and Yu, Jiang-Hao and Yuan,
                        C. -P.",
      title          = "{Global Analysis of General $SU(2) x SU(2) x U(1)$ Models
                        with Precision Data}",
      journal        = "Phys. Rev.",
      volume         = "D82",
      year           = "2010",
      pages          = "035011",
      doi            = "10.1103/PhysRevD.82.035011",
      eprint         = "1003.3482",
      archivePrefix  = "arXiv",
      primaryClass   = "hep-ph",
      reportNumber   = "MSUHEP-091123, DESY-09-205",
      SLACcitation   = "%%CITATION = ARXIV:1003.3482;%%"
}

@article{Chiang:2009kb,
      author         = "Chiang, Cheng-Wei and Deshpande, N. G. and He, Xiao-Gang
                        and Jiang, J.",
      title          = "{The Family $SU(2)_l x SU(2)_h x U(1)$ Model}",
      journal        = "Phys. Rev.",
      volume         = "D81",
      year           = "2010",
      pages          = "015006",
      doi            = "10.1103/PhysRevD.81.015006",
      eprint         = "0911.1480",
      archivePrefix  = "arXiv",
      primaryClass   = "hep-ph",
      SLACcitation   = "%%CITATION = ARXIV:0911.1480;%%"
}

@article{deGouvea:2013zba,
      author         = "de Gouvea, Andre and Vogel, Petr",
      title          = "{Lepton Flavor and Number Conservation, and Physics
                        Beyond the Standard Model}",
      journal        = "Prog. Part. Nucl. Phys.",
      volume         = "71",
      year           = "2013",
      pages          = "75-92",
      doi            = "10.1016/j.ppnp.2013.03.006",
      eprint         = "1303.4097",
      archivePrefix  = "arXiv",
      primaryClass   = "hep-ph",
      SLACcitation   = "%%CITATION = ARXIV:1303.4097;%%"
}

@article{Calibbi:2017uvl,
      author         = "Calibbi, Lorenzo and Signorelli, Giovanni",
      title          = "{Charged Lepton Flavour Violation: An Experimental and
                        Theoretical Introduction}",
      journal        = "Riv. Nuovo Cim.",
      volume         = "41",
      year           = "2018",
      number         = "2",
      pages          = "71-174",
      doi            = "10.1393/ncr/i2018-10144-0",
      eprint         = "1709.00294",
      archivePrefix  = "arXiv",
      primaryClass   = "hep-ph",
      SLACcitation   = "%%CITATION = ARXIV:1709.00294;%%"
}

@article{Celis:2013xja,
      author         = "Celis, Alejandro and Cirigliano, Vincenzo and Passemar,
                        Emilie",
      title          = "{Lepton flavor violation in the Higgs sector and the role
                        of hadronic $\tau$-lepton decays}",
      journal        = "Phys. Rev.",
      volume         = "D89",
      year           = "2014",
      pages          = "013008",
      doi            = "10.1103/PhysRevD.89.013008",
      eprint         = "1309.3564",
      archivePrefix  = "arXiv",
      primaryClass   = "hep-ph",
      reportNumber   = "FTUV-13-0913, IFIC-13-63, LA-UR-13-27104",
      SLACcitation   = "%%CITATION = ARXIV:1309.3564;%%"
}


@article{Celis:2014asa,
      author         = "Celis, Alejandro and Cirigliano, Vincenzo and Passemar,
                        Emilie",
      title          = "{Model-discriminating power of lepton flavor violating
                        $\tau$ decays}",
      journal        = "Phys. Rev.",
      volume         = "D89",
      year           = "2014",
      number         = "9",
      pages          = "095014",
      doi            = "10.1103/PhysRevD.89.095014",
      eprint         = "1403.5781",
      archivePrefix  = "arXiv",
      primaryClass   = "hep-ph",
      reportNumber   = "FTUV-14-0321, IFIC-14-20, LA-UR-14-21868",
      SLACcitation   = "%%CITATION = ARXIV:1403.5781;%%"
}

@article{Lami:2016vrs,
      author         = "Lami, A. and Portol\'es, J. and Roig, P.",
      title          = "{Lepton flavor violation in hadronic decays of the tau
                        lepton in the simplest little Higgs model}",
      journal        = "Phys. Rev.",
      volume         = "D93",
      year           = "2016",
      number         = "7",
      pages          = "076008",
      doi            = "10.1103/PhysRevD.93.076008",
      eprint         = "1601.07391",
      archivePrefix  = "arXiv",
      primaryClass   = "hep-ph",
      reportNumber   = "IFIC-16-04",
      SLACcitation   = "%%CITATION = ARXIV:1601.07391;%%"
}

@article{Herrero:2009tm,
      author         = "Herrero, M. J. and Portol\'es, J. and Rodr\'{\i}guez-S\'anchez, A.
                        M.",
      title          = "{Sensitivity to the Higgs Sector of SUSY-Seesaw Models in
                        the Lepton Flavour Violating $\tau \rightarrow \mu f_0(980)$ decay}",
      journal        = "Phys. Rev.",
      volume         = "D80",
      year           = "2009",
      pages          = "015023",
      doi            = "10.1103/PhysRevD.80.015023",
      eprint         = "0903.5151",
      archivePrefix  = "arXiv",
      primaryClass   = "hep-ph",
      reportNumber   = "FTUAM-08-24, IFT-UAM-CSIC-08-84, IFIC-09-12",
      SLACcitation   = "%%CITATION = ARXIV:0903.5151;%%"
}

@article{Arganda:2008jj,
      author         = "Arganda, E. and Herrero, M. J. and Portol\'es, J.",
      title          = "{Lepton flavour violating semileptonic tau decays in
                        constrained MSSM-seesaw scenarios}",
      journal        = "JHEP",
      volume         = "06",
      year           = "2008",
      pages          = "079",
      doi            = "10.1088/1126-6708/2008/06/079",
      eprint         = "0803.2039",
      archivePrefix  = "arXiv",
      primaryClass   = "hep-ph",
      reportNumber   = "FTUAM-07-09, IFT-UAM-CSIC-07-27, IFIC-08-03",
      SLACcitation   = "%%CITATION = ARXIV:0803.2039;%%"
}

@article{Brignole:2004ah,
      author         = "Brignole, Andrea and Rossi, Anna",
      title          = "{Anatomy and phenomenology of $\mu - \tau$ lepton flavor
                        violation in the MSSM}",
      journal        = "Nucl. Phys.",
      volume         = "B701",
      year           = "2004",
      pages          = "3-53",
      doi            = "10.1016/j.nuclphysb.2004.08.037",
      eprint         = "hep-ph/0404211",
      archivePrefix  = "arXiv",
      primaryClass   = "hep-ph",
      reportNumber   = "DFPD-04-TH-06",
      SLACcitation   = "%%CITATION = HEP-PH/0404211;%%"
}

@article{Fukuyama:2005bh,
      author         = "Fukuyama, Takeshi and Ilakovac, Amon and Kikuchi,
                        Tatsuru",
      title          = "{Lepton flavor violating leptonic/semileptonic decays of
                        charged leptons in the minimal supersymmetric standard
                        model}",
      journal        = "Eur. Phys. J.",
      volume         = "C56",
      year           = "2008",
      pages          = "125-146",
      doi            = "10.1140/epjc/s10052-008-0625-3",
      eprint         = "hep-ph/0506295",
      archivePrefix  = "arXiv",
      primaryClass   = "hep-ph",
      SLACcitation   = "%%CITATION = HEP-PH/0506295;%%"
}

@article{Black:2002wh,
      author         = "Black, Deirdre and Han, Tao and He, Hong-Jian and Sher,
                        Marc",
      title          = "{$\tau - \mu$ flavor violation as a probe of the scale of new
                        physics}",
      journal        = "Phys. Rev.",
      volume         = "D66",
      year           = "2002",
      pages          = "053002",
      doi            = "10.1103/PhysRevD.66.053002",
      eprint         = "hep-ph/0206056",
      archivePrefix  = "arXiv",
      primaryClass   = "hep-ph",
      reportNumber   = "JLAB-THY-02-20, MADPH-02-1263, UT-HEP-02-03, WM-02-105",
      SLACcitation   = "%%CITATION = HEP-PH/0206056;%%"
}

@article{Dassinger:2007ru,
      author         = "Dassinger, B. M. and Feldmann, Th. and Mannel, Th. and
                        Turczyk, S.",
      title          = "{Model-independent analysis of lepton flavour violating
                        tau decays}",
      journal        = "JHEP",
      volume         = "10",
      year           = "2007",
      pages          = "039",
      doi            = "10.1088/1126-6708/2007/10/039",
      eprint         = "0707.0988",
      archivePrefix  = "arXiv",
      primaryClass   = "hep-ph",
      reportNumber   = "SI-HEP-2007-06",
      SLACcitation   = "%%CITATION = ARXIV:0707.0988;%%"
}

@article{Matsuzaki:2007hh,
      author         = "Matsuzaki, A. and Sanda, A. I.",
      title          = "{Analysis of lepton flavor violating $\tau^{\pm} \rightarrow \mu^{\pm} \mu^{\pm}
                        \mu^{mp}$ decays}",
      journal        = "Phys. Rev.",
      volume         = "D77",
      year           = "2008",
      pages          = "073003",
      doi            = "10.1103/PhysRevD.77.073003",
      eprint         = "0711.0792",
      archivePrefix  = "arXiv",
      primaryClass   = "hep-ph",
      SLACcitation   = "%%CITATION = ARXIV:0711.0792;%%"
}

@article{Giffels:2008ar,
      author         = "Giffels, M. and Kallarackal, J. and Kramer, M. and
                        O'Leary, B. and Stahl, A.",
      title          = "{The Lepton-flavour violating decay $\tau \rightarrow \mu \mu
                        \bar{\mu}$ at the CERN LHC}",
      journal        = "Phys. Rev.",
      volume         = "D77",
      year           = "2008",
      pages          = "073010",
      doi            = "10.1103/PhysRevD.77.073010",
      eprint         = "0802.0049",
      archivePrefix  = "arXiv",
      primaryClass   = "hep-ph",
      reportNumber   = "PITHA-08-04",
      SLACcitation   = "%%CITATION = ARXIV:0802.0049;%%"
}

@article{Petrov:2013vka,
      author         = "Petrov, Alexey A. and Zhuridov, Dmitry V.",
      title          = "{Lepton flavor-violating transitions in effective field
                        theory and gluonic operators}",
      journal        = "Phys. Rev.",
      volume         = "D89",
      year           = "2014",
      number         = "3",
      pages          = "033005",
      doi            = "10.1103/PhysRevD.89.033005",
      eprint         = "1308.6561",
      archivePrefix  = "arXiv",
      primaryClass   = "hep-ph",
      reportNumber   = "WSU-HEP-1307",
      SLACcitation   = "%%CITATION = ARXIV:1308.6561;%%"
}

@article{Crivellin:2013hpa,
      author         = "Crivellin, Andreas and Najjari, Saereh and Rosiek,
                        Janusz",
      title          = "{Lepton Flavor Violation in the Standard Model with
                        general Dimension-Six Operators}",
      journal        = "JHEP",
      volume         = "04",
      year           = "2014",
      pages          = "167",
      doi            = "10.1007/JHEP04(2014)167",
      eprint         = "1312.0634",
      archivePrefix  = "arXiv",
      primaryClass   = "hep-ph",
      SLACcitation   = "%%CITATION = ARXIV:1312.0634;%%"
}

@article{Amhis:2016xyh,
      author         = "Amhis, Y. and others",
      title          = "{Averages of $b$-hadron, $c$-hadron, and $\tau$-lepton
                        properties as of summer 2016}",
      collaboration  = "HFLAV",
      journal        = "Eur. Phys. J.",
      volume         = "C77",
      year           = "2017",
      number         = "12",
      pages          = "895",
      doi            = "10.1140/epjc/s10052-017-5058-4",
      eprint         = "1612.07233",
      archivePrefix  = "arXiv",
      primaryClass   = "hep-ex",
      reportNumber   = "FERMILAB-PUB-16-611-ND",
      SLACcitation   = "%%CITATION = ARXIV:1612.07233;%%"
}

@article{Aushev:2010bq,
      author         = "Aushev, T. and others",
      title          = "{Physics at Super B Factory}",
      year           = "2010",
      eprint         = "1002.5012",
      archivePrefix  = "arXiv",
      primaryClass   = "hep-ex",
      reportNumber   = "KEK-REPORT-2009-12",
      SLACcitation   = "%%CITATION = ARXIV:1002.5012;%%"
}

%%% contains utf-8, see: http://inspirehep.net/info/faq/general#utf8
%%% add \usepackage[utf8]{inputenc} to your latex preamble

@article{Acar:2016rde,
      author         = "Acar, Y. C. and Akay, A. N. and Beser, S. and Canbay, A.
                        C. and Karadeniz, H. and Kaya, U. and Oner, B. B. and
                        Sultansoy, S.",
      title          = "{Future circular collider based lepton–hadron and
                        photon–hadron colliders: Luminosity and physics}",
      journal        = "Nucl. Instrum. Meth.",
      volume         = "A871",
      year           = "2017",
      pages          = "47-53",
      doi            = "10.1016/j.nima.2017.07.041",
      eprint         = "1608.02190",
      archivePrefix  = "arXiv",
      primaryClass   = "physics.acc-ph",
      SLACcitation   = "%%CITATION = ARXIV:1608.02190;%%"
}

@article{Baer:2013cma,
      author         = "Baer, Howard and Barklow, Tim and Fujii, Keisuke and Gao,
                        Yuanning and Hoang, Andre and Kanemura, Shinya and List,
                        Jenny and Logan, Heather E. and Nomerotski, Andrei and
                        Perelstein, Maxim and others ",
      title          = "{The International Linear Collider Technical Design
                        Report - Volume 2: Physics}",
      year           = "2013",
      eprint         = "1306.6352",
      archivePrefix  = "arXiv",
      primaryClass   = "hep-ph",
      reportNumber   = "ILC-REPORT-2013-040, ANL-HEP-TR-13-20,
                        BNL-100603-2013-IR, IRFU-13-59, CERN-ATS-2013-037,
                        COCKCROFT-13-10, CLNS-13-2085, DESY-13-062,
                        FERMILAB-TM-2554, IHEP-AC-ILC-2013-001, INFN-13-04-LNF,
                        JAI-2013-001, JINR-E9-2013-35, JLAB-R-2013-01,
                        KEK-REPORT-2013-1, KNU-CHEP-ILC-2013-1, LLNL-TR-635539,
                        SLAC-R-1004, ILC-HIGRADE-REPORT-2013-003",
      SLACcitation   = "%%CITATION = ARXIV:1306.6352;%%"
}

@inproceedings{Delahaye:2013jla,
      author         = "Delahaye, J-P. and others",
      title          = "{Enabling Intensity and Energy Frontier Science with a
                        Muon Accelerator Facility in the U.S.: A White Paper
                        Submitted to the 2013 U.S. Community Summer Study of the
                        Division of Particles and Fields of the American Physical
                        Society}",
      booktitle      = "{Proceedings, 2013 Community Summer Study on the Future
                        of U.S. Particle Physics: Snowmass on the Mississippi
                        (CSS2013): Minneapolis, MN, USA, July 29-August 6, 2013}",
      url            = "http://www.slac.stanford.edu/econf/C1307292/docs/submittedArxivFiles/1308.0494.pdf",
      year           = "2013",
      eprint         = "1308.0494",
      archivePrefix  = "arXiv",
      primaryClass   = "physics.acc-ph",
      reportNumber   = "FERMILAB-CONF-13-307-APC",
      SLACcitation   = "%%CITATION = ARXIV:1308.0494;%%"
}

@article{Sher:2003vi,
      author         = "Sher, Marc and Turan, Ismail",
      title          = "{$\mu \,  N \rightarrow \tau \, N$ at a muon or neutrino factory}",
      journal        = "Phys. Rev.",
      volume         = "D69",
      year           = "2004",
      pages          = "017302",
      doi            = "10.1103/PhysRevD.69.017302",
      eprint         = "hep-ph/0309183",
      archivePrefix  = "arXiv",
      primaryClass   = "hep-ph",
      reportNumber   = "WM-03-107",
      SLACcitation   = "%%CITATION = HEP-PH/0309183;%%"
}

@article{Gninenko:2001id,
      author         = "Gninenko, S. N. and Kirsanov, M. M. and Krasnikov, N. V.
                        and Matveev, V. A.",
      title          = "{Probing lepton flavor violation in $\nu_{\mu} \,  N
                        \rightarrow \tau  ...$ scattering and $\mu \rightarrow \tau$ conversion on
                        nucleons}",
      journal        = "Mod. Phys. Lett.",
      volume         = "A17",
      year           = "2002",
      pages          = "1407",
      doi            = "10.1142/S0217732302007855",
      eprint         = "hep-ph/0106302",
      archivePrefix  = "arXiv",
      primaryClass   = "hep-ph",
      reportNumber   = "INR-RAS-2001-024",
      SLACcitation   = "%%CITATION = HEP-PH/0106302;%%"
}

@article{deBlas:2016ojx,
      author         = "de Blas, Jorge and Ciuchini, Marco and Franco, Enrico and
                        Mishima, Satoshi and Pierini, Maurizio and Reina, Laura
                        and Silvestrini, Luca",
      title          = "{Electroweak precision observables and Higgs-boson signal
                        strengths in the Standard Model and beyond: present and
                        future}",
      journal        = "JHEP",
      volume         = "12",
      year           = "2016",
      pages          = "135",
      doi            = "10.1007/JHEP12(2016)135",
      eprint         = "1608.01509",
      archivePrefix  = "arXiv",
      primaryClass   = "hep-ph",
      reportNumber   = "KEK-TH-1919",
      SLACcitation   = "%%CITATION = ARXIV:1608.01509;%%"
}

@article{Weinberg:1979sa,
      author         = "Weinberg, Steven",
      title          = "{Baryon and Lepton Nonconserving Processes}",
      journal        = "Phys. Rev. Lett.",
      volume         = "43",
      year           = "1979",
      pages          = "1566-1570",
      doi            = "10.1103/PhysRevLett.43.1566",
      reportNumber   = "HUTP-79-A050",
      SLACcitation   = "%%CITATION = PRLTA,43,1566;%%"
}

@article{deBlas:2019okz,
      author         = "de Blas, Jorge and others",
      title          = "{$\texttt{HEPfit}$: a Code for the Combination of
                        Indirect and Direct Constraints on High Energy Physics
                        Models}",
      year           = "2019",
      eprint         = "1910.14012",
      archivePrefix  = "arXiv",
      primaryClass   = "hep-ph",
      reportNumber   = "CERN-TH-2019-178, CPHT-RR060.102019, DESY 19-184,
                        FTUV/19-1031,
  IFIC/19-44, KEK-TH-2163, LPT-Orsay-19-36,
                        PSI-PR-19-22, UCI-TR-2019-26",
      SLACcitation   = "%%CITATION = ARXIV:1910.14012;%%"
}

@article{Donoghue:1990xh,
      author         = "Donoghue, John F. and Gasser, J. and Leutwyler, H.",
      title          = "{The Decay of a Light Higgs Boson}",
      journal        = "Nucl. Phys.",
      volume         = "B343",
      year           = "1990",
      pages          = "341-368",
      doi            = "10.1016/0550-3213(90)90474-R",
      reportNumber   = "CERN-TH-5644/90, BUTP-89-06",
      SLACcitation   = "%%CITATION = NUPHA,B343,341;%%"
}

@article{Shifman:1978zn,
      author         = "Shifman, Mikhail A. and Vainshtein, A. I. and Zakharov,
                        Valentin I.",
      title          = "{Remarks on Higgs Boson Interactions with Nucleons}",
      journal        = "Phys. Lett.",
      volume         = "78B",
      year           = "1978",
      pages          = "443-446",
      doi            = "10.1016/0370-2693(78)90481-1",
      reportNumber   = "ITEP-22-1978",
      SLACcitation   = "%%CITATION = PHLTA,78B,443;%%"
}


@article{Crewther:1972kn,
      author         = "Crewther, R. J.",
      title          = "{Nonperturbative evaluation of the anomalies in
                        low-energy theorems}",
      journal        = "Phys. Rev. Lett.",
      volume         = "28",
      year           = "1972",
      pages          = "1421",
      doi            = "10.1103/PhysRevLett.28.1421",
      SLACcitation   = "%%CITATION = PRLTA,28,1421;%%"
}


@article{Chanowitz:1972vd,
      author         = "Chanowitz, Michael S. and Ellis, John R.",
      title          = "{Canonical Anomalies and Broken Scale Invariance}",
      journal        = "Phys. Lett.",
      volume         = "40B",
      year           = "1972",
      pages          = "397-400",
      doi            = "10.1016/0370-2693(72)90829-5",
      reportNumber   = "SLAC-PUB-1028",
      SLACcitation   = "%%CITATION = PHLTA,40B,397;%%"
}

@article{Collins:1976yq,
      author         = "Collins, John C. and Duncan, Anthony and Joglekar, Satish
                        D.",
      title          = "{Trace and Dilatation Anomalies in Gauge Theories}",
      journal        = "Phys. Rev.",
      volume         = "D16",
      year           = "1977",
      pages          = "438-449",
      doi            = "10.1103/PhysRevD.16.438",
      reportNumber   = "COO-2220-88",
      SLACcitation   = "%%CITATION = PHRVA,D16,438;%%"
}

@article{Ji:1995sv,
      author         = "Ji, Xiang-Dong",
      title          = "{Breakup of hadron masses and energy - momentum tensor of
                        QCD}",
      journal        = "Phys. Rev.",
      volume         = "D52",
      year           = "1995",
      pages          = "271-281",
      doi            = "10.1103/PhysRevD.52.271",
      eprint         = "hep-ph/9502213",
      archivePrefix  = "arXiv",
      primaryClass   = "hep-ph",
      reportNumber   = "MIT-CTP-2407",
      SLACcitation   = "%%CITATION = HEP-PH/9502213;%%"
}

@article{Landau:1948kw,
      author         = "Landau, L. D.",
      title          = "{On the angular momentum of a system of two photons}",
      journal        = "Dokl. Akad. Nauk SSSR",
      volume         = "60",
      year           = "1948",
      number         = "2",
      pages          = "207-209",
      doi            = "10.1016/B978-0-08-010586-4.50070-5",
      SLACcitation   = "%%CITATION = INSPIRE-1187680;%%"
}

@article{Yang:1950rg,
      author         = "Yang, Chen-Ning",
      title          = "{Selection Rules for the Dematerialization of a Particle
                        Into Two Photons}",
      journal        = "Phys. Rev.",
      volume         = "77",
      year           = "1950",
      pages          = "242-245",
      doi            = "10.1103/PhysRev.77.242",
      SLACcitation   = "%%CITATION = PHRVA,77,242;%%"
}

@article{Bell:1969ts,
      author         = "Bell, J. S. and Jackiw, R.",
      title          = "{A PCAC puzzle: $\pi^0 \to \gamma \gamma$ in the $\sigma$
                        model}",
      journal        = "Nuovo Cim.",
      volume         = "A60",
      year           = "1969",
      pages          = "47-61",
      doi            = "10.1007/BF02823296",
      SLACcitation   = "%%CITATION = NUCIA,A60,47;%%"
}

@article{Horejsi:1992tw,
      author         = "Ho\v{r}ej\v{s}\'{\i}, J.",
      title          = "{Ultraviolet and infrared aspects of the axial anomaly.
                        1}",
      journal        = "Czech. J. Phys.",
      volume         = "42",
      year           = "1992",
      pages          = "241-261",
      doi            = "10.1007/BF01598423",
      SLACcitation   = "%%CITATION = CZYPA,42,241;%%"
}

@article{Horejsi:1992tx,
      author         = "Ho\v{r}ej\v{s}\'{\i}, J.",
      title          = "{Ultraviolet and infrared aspects of the axial anomaly.
                        2}",
      journal        = "Czech. J. Phys.",
      volume         = "42",
      year           = "1992",
      pages          = "345-361",
      doi            = "10.1007/BF01598734",
      SLACcitation   = "%%CITATION = CZYPA,42,345;%%"
}


@article{Passarino:1978jh,
      author         = "Passarino, G. and Veltman, M. J. G.",
      title          = "{One Loop Corrections for e+ e- Annihilation Into mu+ mu-
                        in the Weinberg Model}",
      journal        = "Nucl. Phys.",
      volume         = "B160",
      year           = "1979",
      pages          = "151-207",
      doi            = "10.1016/0550-3213(79)90234-7",
      reportNumber   = "Print-79-0284 (UTRECHT)",
      SLACcitation   = "%%CITATION = NUPHA,B160,151;%%"
}

@article{Ecker:2007us,
    author = "Ecker, G. and Zauner, C.",
    archivePrefix = "arXiv",
    doi = "10.1140/epjc/s10052-007-0372-x",
    eprint = "0705.0624",
    journal = "Eur.\ Phys.\ J.\ C",
    pages = "315--323",
    primaryClass = "hep-ph",
    reportNumber = "UWTHPH-2007-10",
    title = "{Tensor meson exchange at low energies}",
    volume = "52",
    year = "2007"
}

@article{Cata:2007ns,
    author = "Cat\`a, O. and Mateu, V.",
    archivePrefix = "arXiv",
    doi = "10.1088/1126-6708/2007/09/078",
    eprint = "0705.2948",
    journal = "JHEP",
    pages = "078",
    primaryClass = "hep-ph",
    reportNumber = "FTUV-07-05-21, IFIC-07-23",
    title = "{Chiral perturbation theory with tensor sources}",
    volume = "09",
    year = "2007"
}

@article{Capri:1986vb,
    author = "Capri, A.Z. and Kobayashi, M. and Ohnuki, Y.",
    doi = "10.1143/PTP.77.1484",
    journal = "Prog.\ Theor.\ Phys.",
    pages = "1484",
    reportNumber = "ALBERTA-THY-19-86",
    title = "{THE SECOND RANK TENSOR FIELD, A SYSTEMATIC STUDY: CLASSIFICATION OF THE SECOND RANK TENSOR FIELD THEORIES}",
    volume = "77",
    year = "1987"
}

@inproceedings{Pich:2002xy,
    author = "Pich, A.",
    archivePrefix = "arXiv",
    booktitle = "{Phenomenology of large N(c) QCD. Proceedings, Tempe, USA, January 9-11, 2002}",
    doi = "10.1142/9789812776914\_0023",
    eprint = "hep-ph/0205030",
    month = "5",
    pages = "239--258",
    reportNumber = "IFIC-02-15, FTUV-02-0502",
    title = "{Colorless mesons in a polychromatic world}",
    year = "2002"
}

@article{Knecht:2001xc,
    author = "Knecht, Marc and Nyffeler, Andreas",
    archivePrefix = "arXiv",
    doi = "10.1007/s100520100755",
    eprint = "hep-ph/0106034",
    journal = "Eur.\ Phys.\ J.\ C",
    pages = "659--678",
    reportNumber = "CPT-2001-P-4149",
    title = "{Resonance estimates of O(p**6) low-energy constants and QCD short distance constraints}",
    volume = "21",
    year = "2001"
}

@article{Bijnens:2003rc,
    author = "Bijnens, Johan and G\'amiz, Elvira and Lipartia, Edisher and Prades, Joaquim",
    archivePrefix = "arXiv",
    doi = "10.1088/1126-6708/2003/04/055",
    eprint = "hep-ph/0304222",
    journal = "JHEP",
    pages = "055",
    reportNumber = "CAFPE-15-02, LU-TP-03-15, UGFT-145-02",
    title = "{QCD short distance constraints and hadronic approximations}",
    volume = "04",
    year = "2003"
}

@article{Tanabashi:2018oca,
    author = "Tanabashi, M. and others",
    collaboration = "Particle Data Group",
    doi = "10.1103/PhysRevD.98.030001",
    journal = "Phys.\ Rev.\ D",
    number = "3",
    pages = "030001",
    title = "{Review of Particle Physics}",
    volume = "98",
    year = "2018"
}

@article{Dai:2019lmj,
    author = "Dai, Ling-Yun and Fuentes-Martín, Javier and Portolés, Jorge",
    archivePrefix = "arXiv",
    doi = "10.1103/PhysRevD.99.114015",
    eprint = "1902.10411",
    journal = "Phys.\ Rev.\ D",
    number = "11",
    pages = "114015",
    primaryClass = "hep-ph",
    title = "{Scalar-involved three-point Green functions and their phenomenology}",
    volume = "99",
    year = "2019"
}

@article{Dumm:2009va,
    author = "Dumm, D. G\'omez and Roig, P. and Pich, A. and Portol\'es, J.",
    archivePrefix = "arXiv",
    doi = "10.1016/j.physletb.2010.01.059",
    eprint = "0911.4436",
    journal = "Phys. Lett. B",
    pages = "158--164",
    primaryClass = "hep-ph",
    reportNumber = "FTUV-09-1123, IFIC-09-54, LPT-ORSAY-09-91",
    title = "{tau ---> pi pi pi nu(tau) decays and the a(1)(1260) off-shell width revisited}",
    volume = "685",
    year = "2010"
}

@article{Sanz-Cillero:2017fvr,
    author = "Sanz-Cillero, Juan Jose and Shekhovtsova, Olga",
    archivePrefix = "arXiv",
    doi = "10.1007/JHEP12(2017)080",
    eprint = "1707.01137",
    journal = "JHEP",
    pages = "080",
    primaryClass = "hep-ph",
    reportNumber = "IFJPAN-IV-14",
    title = "{Refining the scalar and tensor contributions in $\tau\to \pi\pi\pi\nu_\tau$ decays}",
    volume = "12",
    year = "2017"
}

@article{Escribano:2010wt,
    author = "Escribano, Rafel and Masjuan, Pere and Sanz-Cillero, Juan Jose",
    archivePrefix = "arXiv",
    doi = "10.1007/JHEP05(2011)094",
    eprint = "1011.5884",
    journal = "JHEP",
    pages = "094",
    primaryClass = "hep-ph",
    reportNumber = "UAB-FT-685, UGFT-278-10, CAFPE-148-10, BARI-TH-637-10",
    title = "{Chiral dynamics predictions for eta' -> eta pi pi}",
    volume = "05",
    year = "2011"
}

@article{Escribano:2010wt,
    author = "Escribano, Rafel and Masjuan, Pere and Sanz-Cillero, Juan Jose",
    archivePrefix = "arXiv",
    doi = "10.1007/JHEP05(2011)094",
    eprint = "1011.5884",
    journal = "JHEP",
    pages = "094",
    primaryClass = "hep-ph",
    reportNumber = "UAB-FT-685, UGFT-278-10, CAFPE-148-10, BARI-TH-637-10",
    title = "{Chiral dynamics predictions for eta' -> eta pi pi}",
    volume = "05",
    year = "2011"
}

@article{HerreraSiklody:1997kd,
    author = "Herrera-Sikl\'ody, P. and Latorre, J.I. and Pascual, P. and Tar\'on, J.",
    archivePrefix = "arXiv",
    doi = "10.1016/S0370-2693(97)01507-4",
    eprint = "hep-ph/9710268",
    journal = "Phys. Lett. B",
    pages = "326--332",
    title = "{Eta - eta-prime mixing from U(3)(L) x U(3)(R) chiral perturbation theory}",
    volume = "419",
    year = "1998"
}

@inproceedings{Kaiser:1998ds,
    author = "Kaiser, Roland and Leutwyler, H.",
    archivePrefix = "arXiv",
    booktitle = "{Nonperturbative methods in quantum field theory. Proceedings, Workshop, Adelaide, Australia, February 2-13, 1998}",
    eprint = "hep-ph/9806336",
    month = "6",
    pages = "15--29",
    title = "{Pseudoscalar decay constants at large N(c)}",
    year = "1998"
}

@article{Gonzalez-Solis:2019lze,
    author = "Gonz\'alez-Solís, Sergi and Miranda, Alejandro and Rendón, Javier and Roig, Pablo",
    archivePrefix = "arXiv",
    doi = "10.1103/PhysRevD.101.034010",
    eprint = "1911.08341",
    journal = "Phys. Rev. D",
    number = "3",
    pages = "034010",
    primaryClass = "hep-ph",
    title = "{Effective-field theory analysis of the $\tau^{-}\to K^{-}(\eta^{(\prime)},K^{0}) \nu_{\tau}$ decays}",
    volume = "101",
    year = "2020"
}

@article{GomezDumm:2000fz,
    author = "G\'omez Dumm, D. and Pich, A. and Portol\'es, J.",
    archivePrefix = "arXiv",
    doi = "10.1103/PhysRevD.62.054014",
    eprint = "hep-ph/0003320",
    journal = "Phys. Rev. D",
    pages = "054014",
    reportNumber = "IFIC-00-19, FTUV-00-0331, TAN-FNT-00-02",
    title = "{The Hadronic off-shell width of meson resonances}",
    volume = "62",
    year = "2000"
}

@article{Guerrero:1997ku,
    author = "Guerrero, Francisco and Pich, Antonio",
    archivePrefix = "arXiv",
    doi = "10.1016/S0370-2693(97)01070-8",
    eprint = "hep-ph/9707347",
    journal = "Phys. Lett. B",
    pages = "382--388",
    reportNumber = "FTUV-97-42, IFIC-97-42",
    title = "{Effective field theory description of the pion form-factor}",
    volume = "412",
    year = "1997"
}

@article{Pich:2001pj,
    author = "Pich, A. and Portol\'es, J.",
    archivePrefix = "arXiv",
    doi = "10.1103/PhysRevD.63.093005",
    eprint = "hep-ph/0101194",
    journal = "Phys. Rev. D",
    pages = "093005",
    reportNumber = "IFIC-01-02, FTUV-01-0117",
    title = "{The Vector form-factor of the pion from unitarity and analyticity: A Model independent approach}",
    volume = "63",
    year = "2001"
}

@article{Dumm:2013zh,
    author = "Gómez Dumm, D. and Roig, P.",
    archivePrefix = "arXiv",
    doi = "10.1140/epjc/s10052-013-2528-1",
    eprint = "1301.6973",
    journal = "Eur. Phys. J. C",
    number = "8",
    pages = "2528",
    primaryClass = "hep-ph",
    reportNumber = "UAB-FT-725",
    title = "{Dispersive representation of the pion vector form factor in $\tau\to\pi\pi\nu_\tau$ decays}",
    volume = "73",
    year = "2013"
}

@article{Masjuan:2008fv,
    author = "Masjuan, P. and Peris, S. and Sanz-Cillero, J.J.",
    archivePrefix = "arXiv",
    doi = "10.1103/PhysRevD.78.074028",
    eprint = "0807.4893",
    journal = "Phys. Rev. D",
    pages = "074028",
    primaryClass = "hep-ph",
    title = "{Vector Meson Dominance as a first step in a systematic approximation: The Pion vector form-factor}",
    volume = "78",
    year = "2008"
}
@article{Bertl:2006up,
    author = "Bertl, Wilhelm H. and others",
    collaboration = "SINDRUM II",
    doi = "10.1140/epjc/s2006-02582-x",
    journal = "Eur. Phys. J. C",
    pages = "337--346",
    title = "{A Search for muon to electron conversion in muonic gold}",
    volume = "47",
    year = "2006"
}
@article{PhysRevD.2.1285,
  title = {Weak Interactions with Lepton-Hadron Symmetry},
  author = {Glashow, S. L. and Iliopoulos, J. and Maiani, L.},
  journal = {Phys. Rev. D},
  volume = {2},
  issue = {7},
  pages = {1285--1292},
  numpages = {0},
  year = {1970},
  month = {Oct},
  publisher = {American Physical Society},
  doi = {10.1103/PhysRevD.2.1285},
  url = {https://link.aps.org/doi/10.1103/PhysRevD.2.1285}
}
@article{Rojo:2019uip,
    author = "Rojo, Juan",
    title = "{The Partonic Content of Nucleons and Nuclei}",
    eprint = "1910.03408",
    archivePrefix = "arXiv",
    primaryClass = "hep-ph",
    reportNumber = "Nikhef/2019-042",
    month = "10",
    year = "2019"
}
@article{AUBERT1983275,
title = "The ratio of the nucleon structure functions F2N for iron and deuterium",
journal = "Physics Letters B",
volume = "123",
number = "3",
pages = "275 - 278",
year = "1983",
issn = "0370-2693",
doi = "https://doi.org/10.1016/0370-2693(83)90437-9",
url = "http://www.sciencedirect.com/science/article/pii/0370269383904379",
author =  "J. Aubert, J. and others",
abstract = "Using the data on deep inelastic muon scattering on iron and deuterium the ratio of the nucleon structure functions F2N(Fe)/F2N(D) is presented. The observed x-dependence of this ratio is in disagreement with existing theoretical predictions."
}
@book{leader_predazzi_1996, place={Cambridge}, series={Cambridge Monographs on Particle Physics, Nuclear Physics and Cosmology}, title={An Introduction to Gauge Theories and Modern Particle Physics}, volume={2}, DOI={10.1017/CBO9780511622601}, publisher={Cambridge University Press}, author={Leader, Elliot and Predazzi, Enrico}, year={1996}, collection={Cambridge Monographs on Particle Physics, Nuclear Physics and Cosmology}}
@article{PhysRevD.93.085037,
  title = {nCTEQ15: Global analysis of nuclear parton distributions with uncertainties in the CTEQ framework},
  author = {Kova\ifmmode \check{r}\else \v{r}\fi{}\'{\i}k, K. and Kusina, A. and Je\ifmmode \check{z}\else \v{z}\fi{}o, T. and Clark, D. B. and Keppel, C. and Lyonnet, F. and Morf\'{\i}n, J. G. and Olness, F. I. and Owens, J. F. and Schienbein, I. and Yu, J. Y.},
  journal = {Phys. Rev. D},
  volume = {93},
  issue = {8},
  pages = {085037},
  numpages = {34},
  year = {2016},
  month = {Apr},
  publisher = {American Physical Society},
  doi = {10.1103/PhysRevD.93.085037},
  url = {https://link.aps.org/doi/10.1103/PhysRevD.93.085037}
}
@article{CLARK2017126,
title = "ManeParse : A Mathematica reader for Parton Distribution Functions",
journal = "Computer Physics Communications",
volume = "216",
pages = "126 - 137",
year = "2017",
issn = "0010-4655",
doi = "https://doi.org/10.1016/j.cpc.2017.03.004",
url = "http://www.sciencedirect.com/science/article/pii/S0010465517300802",
author = "D.B. Clark and E. Godat and F.I. Olness",
keywords = "QCD, Mathematica, Parton Distribution Functions, PDF, PDFs, Hadron collider, PDF errors, Hadronic cross section",
abstract = "Parton Distribution Functions (PDFs) are essential non-perturbative inputs for calculation of any observable with hadronic initial states. These PDFs are released by individual groups as discrete grids as a function of the Bjorken-x and energy scale Q. The LHAPDF project maintains a repository of PDFs from various groups in a new standardized LHAPDF6 format, additionally older formats such as the CTEQ PDS grid format are still in use. ManeParse is a package that provides access to PDFs within Mathematica to facilitate calculation and plotting. The program is self-contained so there are no external links to any FORTRAN, C or C++ programs. The package includes the option to use the built-in Mathematica interpolation or a custom cubic Lagrange interpolation routine which allows for flexibility in the extrapolation (particularly at small x-values). ManeParse is fast enough to enable simple calculations (involving even one or two integrations) in the Mathematica framework.
Program summary
Program Title: ManeParse Program Files doi: http://dx.doi.org/10.17632/knbsccggg4.1 Licensing provisions: MIT Programming language: Mathematica Nature of problem: PDFs are currently read and interpolated via a FORTRAN or C++ interface. No method exist to read the LHAPDF6 or CTEQ PDFs directly in Mathematica. Solution method: A Mathematica package reads in LHAPDF6 and CTEQ PDF files. The PDFs are parsed into a three-dimensional array in Bjorken-x, scattering energy Q, and parton flavor, and are stored in memory. Provided functions give access to the PDF, the PDF uncertainty, the PDF correlations, and the parton–parton Luminosities. The LHAPDF6 info files are converted from YAML format into Mathematica rules."
}
@article{doi:10.1146/annurev.ns.42.120192.001451,
author = {Owens, J F and Tung, W},
title = {Parton Distribution Functions of Hadrons},
journal = {Annual Review of Nuclear and Particle Science},
volume = {42},
number = {1},
pages = {291-332},
year = {1992},
doi = {10.1146/annurev.ns.42.120192.001451},

URL = { 
        https://doi.org/10.1146/annurev.ns.42.120192.001451
    
},
eprint = { 
        https://doi.org/10.1146/annurev.ns.42.120192.001451
    
}

}









